3207 5149
457 519 575 580 158

1004 518 1333 581 RVTILII
1376 517 1724 581 CLAVDII
1766 517 2242 580 NAMATIANI

715 701 922 766 Grata
951 702 1136 767 bonis
1164 704 1408 786 priscos
1439 703 1683 767 retinet
1726 704 2060 787 provincia
2088 721 2299 769 mores

802 821 1150 906 Dignaque
1180 828 1460 886 rectores
1491 843 1745 906 semper
1774 824 2010 888 habere
2041 825 2258 902 bonos,

719 939 946 1018 Qualis
975 963 1150 1007 nunc
1179 943 1439 1019 Decius,
1469 943 1706 1007 Lucilli
1735 944 1951 1009 nobile
1979 946 2232 1030 pignus,

831 1063 958 1127 Per
987 1062 1262 1146 Corythi
1289 1062 1562 1146 populos
1592 1083 1749 1127 arva
1770 1064 1959 1128 beata
1989 1066 2172 1149 regit.

2658 1067 2788 1131 600

715 1189 857 1253 Nec
886 1185 1143 1259 mirum,
1174 1183 1393 1267 magni
1422 1183 1479 1246 si
1507 1183 1802 1248 redditus
1832 1184 2049 1249 indole
2079 1187 2221 1250 nati

802 1306 991 1371 Felix
1020 1311 1158 1370 tam
1187 1303 1387 1367 simili
1414 1304 1799 1386 posteritate
1827 1310 2030 1388 pater.

719 1428 940 1493 Huius
970 1423 1297 1489 vulnificis
1328 1423 1529 1487 satira
1573 1422 1843 1487 ludente
1876 1423 2176 1489 Camenis

803 1548 944 1612 Nec
974 1547 1232 1609 Turnus
1261 1543 1474 1626 potior
1506 1563 1625 1607 nec
1664 1543 1998 1608 Iuvenalis
2028 1546 2173 1611 erit.

721 1666 1041 1732 Restituit
1071 1671 1360 1728 veterem
1391 1662 1682 1726 censoria
1723 1662 1880 1726 lima
1910 1664 2223 1747 pudorem
2249 1689 2262 1728 :

2660 1666 2792 1731 605

805 1788 1114 1868 Dumque
1143 1783 1349 1846 malos
1379 1782 1608 1866 carpit,
1637 1783 1955 1866 praecipit
1984 1805 2123 1849 esse
2154 1785 2371 1850 bonos.

720 1908 874 1973 Non
905 1906 1061 1970 olim
1091 1904 1257 1969 sacri
1286 1903 1685 1967 iustissimus
1715 1904 1960 1968 arbiter
1989 1906 2132 1968 auri
2296 1898 2303 1904 ’

808 2025 1382 2092 Circumsistentes
1414 2023 1704 2106 reppulit
1733 2023 2039 2108 harpyias
2065 2029 2089 2088 2

722 2149 1070 2232 Harpyias,
1102 2167 1378 2230 quarum
1410 2144 1801 2229 discerpitur
1830 2147 2157 2230 unguibus
2188 2149 2377 2225 orbis,

811 2268 992 2345 Qu'ae
1021 2266 1185 2350 pede
1213 2265 1506 2349 glutineo
1537 2265 1709 2348 quod
1740 2267 2014 2351 tetigere
2044 2268 2356 2333 trahunt:

2660 2269 2791 2332 610

721 2388 902 2466 Quae
931 2388 1185 2451 luscum
1216 2385 1469 2449 faciunt
1497 2383 1768 2469 Argum,
1799 2406 1964 2468 quae
1993 2388 2253 2471 Lyncea
2281 2409 2543 2453 caecum
2569 2412 2581 2451 :

807 2514 996 2578 Inter
1024 2510 1369 2576 custodum
1398 2510 1661 2594 publica
1696 2511 1875 2574 furta
1904 2513 2146 2577 volant.

723 2632 850 2698 Sed
873 2654 1005 2696 non
1035 2631 1359 2695 Lucillum
1389 2631 1683 2695 Briareia
1711 2632 1952 2714 praeda
1981 2633 2236 2710 fefellit,

808 2754 1059 2836 Totque
1091 2751 1287 2815 simul
1315 2751 1618 2815 manibus
1649 2752 1897 2816 restitit
1927 2773 2058 2817 una
2087 2774 2341 2818 manus.

719 2942 992 3024 Iamque
1022 2939 1444 3004 Triturritam
1475 2940 1704 3003 Pisaea
1734 2960 1815 3003 ex
1846 2941 2007 3005 urbe
2041 2941 2357 3016 reversus,

2661 2942 2793 3005 615

805 3060 1137 3143 Aptabam
1168 3059 1378 3122 nitido
1407 3059 1695 3142 pendula
1724 3060 1870 3124 vela
1900 3060 2116 3124 Noto:

720 3181 887 3246 Cum
917 3179 1152 3244 subitis
1182 3185 1395 3243 tectus
1426 3180 1666 3244 nimbis
1696 3180 2019 3245 insorduit
2048 3182 2308 3256 aether;

808 3300 1199 3383 Sparserunt
1230 3299 1441 3363 radios
1471 3300 1697 3363 nubila
1738 3307 1932 3383 rupta
1962 3322 2178 3385 vagos.

723 3419 1166 3485 Substitimus

465 3730 730 3791 terriqmas
756 3726 842 3791 (cf.
860 3725 966 3777 Cic.
991 3726 1054 3775 de
1077 3726 1195 3775 Div.
1221 3728 1271 3784 2,
1298 3728 1381 3787 23,
1409 3726 1494 3789 50)
1511 3723 1576 3777 V.

463 3795 738 3856 turriqenas
805 3791 864 3840 B.
1008 3793 1300 3854 Tyrriqeuas
1375 3790 1577 3840 Damm.

466 3858 802 3921 Tyrrhiqenm
856 3854 1088 3906 Wernsd.
1187 3855 1470 3919 Tibriqenas
1522 3872 1579 3906 or

468 3924 763 3986 Tybriyenae
807 3921 1007 3982 Muell.,
1056 3919 1171 3970 who
1221 3928 1452 3984 supports
1497 3920 1578 3970 his

460 3987 748 4052 conjecture
772 3986 842 4051 by
869 3985 1023 4050 Verg.
1058 3985 1121 4035 A.
1155 3988 1202 4046 2,
1246 3987 1336 4037 781
1363 4001 1440 4050 sq.
1513 3985 1580 4034 Et

457 4058 644 4103 terram
683 4051 982 4115 Hesperiam
1024 4051 1216 4107 venies,
1257 4050 1345 4099 ubi
1379 4049 1577 4115 Lydius

459 4133 582 4168 arva
595 4117 739 4167 Inter
755 4118 921 4180 opima
935 4114 1101 4166 virum
1118 4115 1225 4164 leni
1245 4115 1361 4163 fluit
1377 4114 1577 4178 agmine

460 4181 699 4247 Thybris.
766 4184 1022 4244 rurigenae
1044 4178 1225 4229 Heins-
1302 4181 1580 4243 Tyrrhenos

463 4246 724 4298 Schrader.

528 4312 625 4361 597
659 4313 873 4360 retinent
898 4310 959 4360 R.

527 4376 624 4426 598
658 4390 746 4437 que
767 4375 976 4426 omitted
999 4373 1063 4424 R.

527 4440 626 4490 599
664 4442 813 4497 Quale
877 4442 1035 4489 decim
1111 4438 1366 4504 (omitting
1429 4438 1576 4503 nune)

461 4505 631 4555 luculli
688 4504 902 4569 (though
956 4504 1012 4554 in
1067 4507 1163 4553 613
1232 4506 1467 4569 lucillum)
1525 4522 1576 4555 n.

1259 3419 1419 3495 Quis
1450 3420 1626 3483 enim
1658 3420 1778 3484 sub
1809 3426 2199 3503 tempestate
2243 3420 2528 3504 maligna

810 3540 1209 3605 Insanituris
1240 3540 1480 3605 audeat
1510 3541 1607 3605 ire
1639 3541 1872 3605 fretis?

2662 3539 2793 3603 620

1675 3728 1738 3789 pi
1760 3726 1826 3789 sss
1841 3728 1934 3789 yut
1958 3726 2100 3789 (with
2125 3742 2160 3775 n
2180 3726 2341 3776 under
2361 3725 2449 3775 the
2471 3724 2691 3787 erasure)
2724 3723 2788 3774 R.

1746 3791 1846 3840 600
1876 3793 2067 3854 corythi
2089 3791 2248 3841 VRB.
2321 3792 2488 3853 Goryti
2509 3789 2670 3840 Panv.

1679 3855 1882 3970 idelmR
1891 3859 2115 3906 redditur
2176 3856 2258 3906 for
2321 3858 2541 3905 redditus
2606 3853 2796 3905 Heius.

1733 3938 1758 3969 ο
1780 3938 1803 3970 e
1888 3957 1902 3971 .

1743 3986 1842 4035 602
1873 3987 2043 4036 Foelix
2064 3985 2131 4035 R.

1743 4050 1842 4100 608
1875 4058 2045 4114 satyra
2092 4051 2256 4100 VRB..
2383 4052 2575 4100 ludente
2627 4048 2785 4100 VRB.

1680 4117 1857 4165 livente
1877 4116 2059 4165 Baehr.
2091 4116 2179 4179 (cf.
2207 4116 2337 4166 Stat.
2366 4115 2489 4165 Silv.
2514 4115 2550 4164 i.
2580 4117 2632 4175 3,
2654 4115 2788 4178 103).

1680 4179 1902 4245 Perhaps
1941 4196 2018 4230 we
2055 4181 2232 4230 should
2271 4182 2391 4231 read
2443 4182 2672 4239 laedente,
2712 4194 2801 4229 see

1678 4245 1742 4295 E.
1767 4245 1838 4295 N.
1934 4249 2175 4295 camoenis
2216 4245 2264 4297 V
2311 4247 2423 4310 (but
2465 4244 2593 4295 with
2646 4243 2792 4294 small

1681 4309 1870 4372 initial)
1894 4309 1958 4359 B.

1747 4375 1845 4425 605
1876 4376 2113 4425 Instituit
2127 4374 2188 4425 B.
2242 4378 2358 4424 luna
2376 4372 2708 4440 (apparently)
2724 4373 2789 4422 R.

1747 4440 1844 4490 607
1877 4442 2097 4504 Namque
2136 4442 2251 4490 olim
2296 4440 2433 4491 Cast.
2517 4441 2649 4489 Nam
2681 4440 2797 4487 olim

1685 4503 1882 4566 Simler,
1901 4504 1958 4555 in
1977 4505 2221 4557 violation
2258 4505 2313 4555 of
2346 4512 2516 4555 metre-
2581 4505 2781 4553 Nune—
