3207 5149
533 568 652 628 120
1070 560 1397 627 RVTILII
1439 561 1789 627 GLAVDII
1830 565 1885 626 N
1890 561 2269 624 ΑΜΑΤΙΑΝ
2272 561 2306 622 Ι

793 768 972 833 Illud
1002 774 1070 834 te
1099 773 1378 852 reparat,
1408 766 1582 850 quod
1611 774 1828 832 cetera
1857 787 2056 852 regna
2085 766 2388 831 resolvit:

882 885 1057 950 Ordo
1086 884 1466 950 renascendi
1493 890 1614 959 est,
1642 904 1926 949 crescere
1953 903 2141 967 posse
2170 883 2378 947 malis.
2728 885 2856 950 140

792 1086 965 1170 Ergo
994 1106 1129 1170 age,
1158 1086 1504 1171 sacrilegae
1534 1087 1803 1152 tandem
1831 1087 2022 1152 cadat
2049 1087 2266 1150 hostia
2291 1086 2541 1171 gentis:

886 1205 1294 1271 submittant
1324 1206 1563 1289 trepidi
1591 1206 1838 1290 perfida
1866 1207 2033 1271 colla
2064 1206 2287 1271 Getae.

791 1326 979 1391 Ditia
1006 1332 1276 1410 pacatae
1304 1325 1466 1391 dent
1493 1326 1838 1412 vectigalia
1867 1333 2078 1391 terrae
2104 1350 2117 1389 ε

879 1447 1164 1530 Impleat
1191 1452 1500 1532 augustos
1530 1447 1804 1510 barbara
1832 1446 2072 1531 praeda
2102 1447 2298 1511 sinus.

790 1567 1158 1634 Aeternum
1186 1567 1312 1632 tibi
1342 1567 1612 1632 Rhenus
1642 1575 1802 1644 aret,
1833 1567 1957 1631 tibi
1986 1567 2181 1631 Nilus
2210 1566 2526 1632 inundet:
2728 1568 2855 1632 145

876 1689 1326 1773 Altricemque
1354 1709 1539 1753 suam
1573 1687 1814 1752 fertilis
1843 1688 2016 1752 orbis
2045 1687 2197 1751 alat.

793 1810 968 1888 Quin
999 1817 1069 1875 et
1097 1808 1408 1874 fecundas
1437 1809 1563 1873 tibi
1591 1809 1886 1873 conferat
1914 1808 2141 1872 Africa
2168 1827 2428 1885 messeS,

879 1930 1027 1995 Sole
1057 1950 1174 1994 suo
1204 1929 1404 2005 dives,
1434 1929 1548 1994 sed
1579 1930 1783 2014 magis
1813 1929 2020 1992 imbre
2051 1935 2181 1993 tuo.

791 2053 1056 2117 Interea
1085 2059 1154 2116 et
1183 2050 1389 2114 Latiis
1418 2056 1815 2134 consurgant
1843 2049 2073 2113 horrea
2104 2048 2318 2125 sulcis,

878 2172 1283 2257 Pinguiaque
1312 2171 1633 2255 Hesperio
1662 2177 1923 2235 nectare
1951 2169 2132 2253 prela
2160 2169 2387 2233 fluant.
2726 2169 2856 2233 150

790 2294 942 2377 Ipse
973 2292 1358 2376 triumphali
1386 2291 1733 2356 redimitus
1762 2289 2081 2353 arundine
2110 2288 2324 2352 Tibris

878 2413 1211 2478 Romuleis
1241 2413 1519 2476 famulas
1548 2411 1774 2475 usibus
1804 2417 1989 2494 aptet
2018 2427 2258 2493 aquas3

788 2533 1014 2619 Atque
1044 2533 1355 2618 opulenta
1387 2533 1512 2597 tibi
1539 2531 1814 2617 placidis
1844 2529 2228 2595 commercia
2256 2528 2418 2612 ripis

874 2653 1178 2719 Devehat
1206 2653 1360 2717 hinc
1389 2653 1577 2728 ruris,
1609 2652 1929 2716 subvehat
1957 2650 2110 2714 inde
2139 2649 2353 2713 maris.

788 2860 1029 2937 Pande,
1057 2881 1301 2945 precor,
1329 2860 1588 2945 gemino
1618 2866 1923 2943 pacatum
1955 2858 2222 2923 Castore
2250 2863 2545 2941 pontum,
2724 2858 2851 2922 155

875 2981 1219 3065 Temperet
1247 3000 1635 3064 aequoream
1666 2978 1801 3042 dux
1832 2977 2158 3061 Cytherea
2185 2977 2395 3053 viam3

791 3100 860 3165 Si
889 3121 1022 3164 non
1052 3100 1373 3184 displicui,
1402 3119 1691 3185 regerem
1721 3120 1870 3162 cum
1900 3098 2044 3160 iura
2076 3096 2352 3174 Quirini,

878 3222 949 3286 Si
976 3221 1148 3286 colui
1176 3227 1434 3286 sanctos
1460 3220 1882 3303 consuluique
1911 3219 2154 3283 Patres.

790 3343 962 3406 Nam
994 3341 1167 3426 quod
1198 3341 1381 3405 nulla
1411 3361 1631 3405 meum
1671 3339 2082 3403 strinxerunt
2111 3338 2384 3402 crimina
2413 3336 2676 3414 ferrum,

877 3462 1029 3526 Non
1059 3462 1149 3526 sit
1176 3461 1493 3545 praefecti
1519 3460 1742 3546 gloria,
1772 3458 1885 3523 sed
1913 3457 2154 3541 populi.
2723 3456 2854 3520 160

598 3673 692 3723 139
725 3678 771 3721 te
790 3688 933 3735 rapta
891 3673 959 3721 t
979 3670 1046 3721 Β.
1114 3677 1298 3720 caetera
1319 3670 1379 3720 B.
1741 3666 1785 3716 is
1808 3665 2066 3730 evidently
2088 3681 2151 3715 an
2184 3663 2485 3715 intentional
2517 3664 2635 3730 play
2668 3680 2735 3717 on
2763 3664 2877 3716 the*

596 3738 694 3787 140
730 3739 880 3787 Cardo
843 3688 1082 3796 Heins;
1101 3736 1195 3786 but
1209 3734 1646 3786 Ordoisfavoured
1741 3732 1904 3782 words
1925 3732 2166 3780 Altrioem
2189 3731 2288 3779 and
2311 3732 2431 3780 alat.
2500 3733 2596 3779 aloc
2618 3729 2682 3780 Β.

530 3804 600 3880 by
621 3804 710 3853 the
735 3817 937 3866 passage
962 3801 1067 3851 Sid.
1092 3801 1256 3852 Carm.
1284 3801 1333 3861 7,
1370 3800 1555 3866 quoted
1577 3815 1645 3849 on
1810 3795 1904 3846 147
1924 3796 2192 3858 foecundas
2202 3793 2293 3847 VB
2313 3799 2387 3857 (as
2402 3795 2632 3861 always).
2672 3795 2851 3870 secun·

529 3869 634 3919 line
692 3869 785 3917 129
830 3867 886 3917 in
917 3865 982 3916 E.
1028 3865 1097 3917 N.
1133 3868 1408 3915 renascendi
1452 3871 1522 3915 est
1573 3862 1641 3916 V
1742 3882 1829 3929 aa„
1886 3886 1923 3929 ι,
1970 3880 2188 3944 oon-ferat
2229 3881 2432 3941 aphma
2475 3879 2539 3940 R,
2639 3888 2857 3931 comer-ac

528 3934 826 3983 ronasoiendi
857 3938 928 3981 est
957 3931 1026 3982 Β.
1743 3944 2065 4007 Rutgersius.

597 3999 691 4048 141
727 4000 856 4047 mori
877 3999 971 4060 1090
993 4002 1173 4046 tantem
1194 3994 1904 4062 R·14s
1938 4010 2073 4059 mre
2102 4009 2166 4060 v.
2259 4009 2411 4072 mre
2454 4008 2520 4059 R.
2605 4009 2757 4060 §mare
2787 4010 2852 4061 Β.

598 4063 695 4113 142
730 4064 1000 4113 smnittant
1042 4060 1106 4111 V
1189 4062 1508 4111 summettant
1572 4058 1638 4111 R·
1743 4076 1892 4124 &uby-0
1913 4091 1996 4123 ,αθ
2017 4074 2199 4124 Heius·

529 4136 668 4192 qetae
687 4127 751 4178 V·
817 4128 960 4190 90⁸7*ss
984 4127 1060 4191 (²7⁸
1081 4141 1149 4177 ΟΠ
1169 4128 1385 4189 erasum)
1410 4126 1477 4177 R·
1807 4140 1905 4190 149
1940 4139 1980 4189 B
2037 4139 2186 4189 omits
2238 4145 2304 4188 et.
2361 4146 2635 4202 tumescant
2678 4139 2850 4190 Burm-

599 4193 693 4243 143
722 4199 902 4256 9⁶90st
940 4190 1003 4240 R·
1739 4211 2028 4267 omnam-qam
2077 4205 2253 4254 hordea
2296 4219 2352 4254 or
2393 4210 2646 4267 oomurqat
2679 4207 2855 4255 adorea

596 4265 695 4315 144
717 4264 874 4326 preda
894 4264 957 4315 V.
1740 4268 1820 4319 vir
1841 4271 2016 4319 doctus
2034 4269 2089 4318 in
2114 4268 2320 4319 Observ.
2343 4268 2558 4319 Miscell.

598 4336 692 4385 145
725 4338 889 4385 Remu
926 4333 989 4384 B.
1057 4335 1293 4384 Etmum
1344 4340 1380 4382 t.
1462 4333 1643 4383 rhenus
1808 4334 1907 4385 150
1939 4336 2152 4396 Imperio
2174 4333 2237 4384 V.
2296 4336 2471 4395 praela
2493 4333 2554 4383 Β.
2617 4335 2849 4397 plurafl.

537 4401 590 4466 (Ιι
613 4417 674 4451 on
700 4400 915 4463 erasure)
940 4397 1006 4448 Β.
1740 4396 1806 4448 Β.

585 4466 694 4518 146
728 4467 988 4515 Bactrioem
1008 4478 1064 4513 or
1082 4463 1321 4512 Tutrioem
1350 4477 1407 4512 or
1422 4464 1900 4514 Auem-161
1934 4466 2146 4513 redimus
2181 4462 2245 4512 Β.
2302 4463 2476 4526 Tybris
2497 4461 2654 4514 VRB.
2712 4464 2849 4527 Thy-

531 4547 626 4581 oem
650 4529 906 4589 Schrader,
927 4528 1019 4579 but
1039 4526 1350 4593 unsuitably,
1385 4526 1465 4578 for
1496 4527 1639 4578 there
1739 4529 1838 4578 bris
1862 4527 2041 4580 Baehr.
2112 4530 2276 4578 Tibris
2297 4528 2478 4581 Muell.
