3207 5149
481 540 601 601 152

1027 531 1354 597 BVTILII
1395 529 1743 594 CLAVDII
1782 528 2256 592 NAMATIANI

741 718 987 785 Infelix
1015 708 1210 802 putat
1238 714 1467 779 illuvie
1495 713 1800 780 caelestia
1829 713 2026 797 pasci,

832 831 1041 914 Seque
1070 828 1311 912 premit
1339 826 1531 892 laesis
1560 826 1812 891 saevior
1842 827 1980 909 ipse
2013 826 2165 891 deis.

742 943 941 1018 Num,
970 960 1140 1026 rog0,
1169 939 1451 1004 deterior
1481 939 1723 1003 Circeis
1753 947 1929 1003 secta
1958 938 2228 1003 venenis
2255 942 2280 1002 ’.ἰ
2668 934 2794 1000 525

829 1056 1010 1118 Tunc
1039 1052 1467 1117 mutabantur
1495 1071 1781 1134 corpora,
1812 1072 1987 1115 nunc
2018 1051 2236 1115 animi.

749 1239 914 1304 Inde
944 1238 1363 1303 Triturritam
1393 1238 1714 1321 petimus:
1756 1239 1854 1311 sic,
1882 1238 2041 1302 villa
2071 1246 2360 1315 vocatur,

834 1352 1015 1430 Quae
1036 1352 1241 1416 latere
1272 1350 1559 1434 expulsis
1588 1351 1802 1415 insula
1831 1371 2035 1433 paene
2066 1351 2268 1416 fretis.

746 1464 1049 1547 Namque
1078 1483 1278 1526 manu
1307 1462 1548 1526 iunctis
1576 1462 1869 1546 procedit
1898 1463 1968 1526 in
1997 1483 2276 1546 aequora
2305 1463 2496 1540 saxis,

840 1576 1097 1659 Quique
1127 1575 1391 1639 domum
1420 1575 1658 1658 posuit,
1688 1574 1982 1639 condidit
2012 1581 2167 1639 ante
2198 1576 2424 1640 solum.
2676 1571 2806 1636 530

753 1688 1150 1772 Contiguum
1178 1687 1404 1770 stupui
1432 1694 1715 1771 portum,
1746 1706 1940 1769 quem
1970 1687 2145 1750 fama
2174 1687 2551 1770 frequentat

839 1799 1139 1863 Pisarum
1167 1799 1453 1881 emporio
1484 1797 1863 1881 divitiisque
1891 1799 2106 1862 maris.

753 1911 931 1976 Mira
959 1910 1086 1975 loci
1115 1910 1328 1975 facies.
1418 1910 1654 1994 Pelago
1683 1909 2031 1994 pulsantur
2060 1915 2284 1993 aperto

841 2024 1054 2106 Inque
1084 2043 1307 2088 omnes
1335 2029 1567 2087 ventos
1596 2022 1793 2086 litora
1821 2022 1999 2086 nuda
2025 2028 2292 2105 patent:

755 2135 909 2200 Non
940 2134 1116 2199 ullus
1145 2136 1391 2220 tegitur
1419 2155 1537 2219 per
1566 2134 1867 2198 bracchia
1897 2140 2044 2199 tuta
2074 2153 2379 2209 recessus,
2681 2132 2812 2196 535

841 2246 1107 2311 Aeolias
1135 2246 1343 2330 possit
1372 2247 1488 2329 qui
1515 2245 1859 2330 prohibere
1888 2246 2134 2309 minas:

755 2357 882 2424 Sed
909 2378 1174 2442 procera
1204 2378 1321 2422 suo
1349 2358 1760 2441 praetexitur
1789 2357 1936 2441 alga
1964 2356 2306 2440 profundO,

843 2469 1140 2534 Molliter
1169 2470 1449 2534 offensae
1478 2490 1611 2533 non
1642 2469 1940 2533 nocitura
1969 2468 2137 2545 rati;

754 2583 846 2648 Et
875 2592 1096 2648 tamen
1126 2583 1388 2647 insanas
1417 2582 1703 2647 cedendo
1734 2582 2069 2666 interligat
2099 2580 2324 2658 undas,

841 2694 983 2758 Nec
1013 2694 1174 2759 sinit
1203 2714 1285 2758 ex
1314 2693 1449 2758 alto
1478 2693 1723 2778 grande
1754 2693 2059 2757 volumen
2089 2693 2210 2777 agi.
2688 2692 2818 2757 540

758 2879 1073 2962 Tempora
1102 2879 1347 2962 navigii
1376 2878 1589 2944 clarus
1619 2886 2036 2963 reparaverat
2064 2879 2280 2943 Eurus
2306 2902 2319 2941 z

848 2990 974 3055 Sed
1002 2990 1166 3053 mihi
1197 2991 1578 3055 Protadium
1608 2992 1819 3055 visere
1849 3011 2005 3055 cura
2037 2991 2205 3067 fuit3

762 3102 971 3180 Quem
1001 3103 1116 3186 qui
1145 3102 1315 3168 forte
1344 3103 1508 3169 velit
1536 3104 1735 3168 certis
1765 3124 2146 3188 cognoscere
2176 3103 2396 3188 signis,

847 3215 1139 3280 Virtutis
1169 3216 1494 3299 specimen
1524 3215 1717 3280 corde
1747 3216 1967 3281 videre
1997 3222 2224 3299 putet:

762 3327 904 3391 Nec
933 3327 1139 3412 magis
1169 3328 1404 3393 efficiet
1433 3328 1714 3392 similem
1743 3329 2000 3411 pictura
2028 3329 2255 3404 colore,
2696 3328 2827 3392 545

853 3436 1063 3515 Quam
1095 3458 1261 3521 quae
1291 3439 1372 3504 de
1401 3440 1656 3504 meritis
1685 3440 1893 3503 mixta
1924 3440 2128 3524 figura
2158 3440 2357 3504 venit.

572 3623 671 3673 528
702 3623 921 3689 Insoelix
941 3623 1009 3675 Β.
1076 3626 1294 3674 coelestia
1314 3623 1379 3675 V.
1414 3624 1418 3628 ’
1784 3625 1883 3675 580
1911 3627 2065 3675 credit
2084 3633 2195 3675 ante
2217 3625 2281 3676 Β.

574 3689 674 3739 524
704 3690 827 3739 Deis
845 3687 912 3737 V.
1786 3691 1880 3740 581
1918 3689 2059 3739 turba
2079 3690 2314 3752 forfama
2336 3688 2598 3741 Schrader.

575 3754 671 3804 525
705 3754 837 3803 Num
857 3752 966 3803 VB.
1033 3755 1144 3803 Nuo
1165 3753 1228 3804 Β.
1294 3755 1408 3805 Non
1439 3753 1614 3807 Barth.
1787 3754 1882 3804 582
1915 3752 2167 3805 Baehrens
2180 3771 2295 3819 says
2319 3754 2518 3805 ‘malim
2531 3754 2834 3818 deliciisque,

510 3820 672 3867 circeis
692 3816 758 3868 V.
837 3819 1043 3869 Venonis
1066 3818 1128 3869 V.
1722 3819 1831 3870 scil.
1854 3834 1973 3868 mox
1995 3819 2155 3869 deseri
2190 3819 2271 3868 tis.

577 3882 676 3932 526
712 3883 832 3933 Dum
854 3881 918 3930 R.
1787 3883 1884 3934 588
1913 3885 2146 3944 pulsatur
2155 3835 2312 3935 VRB.
2359 3884 2631 3944 pulsantur
2652 3882 2838 3933 Barth.

575 3947 674 3997 527
708 3950 1001 3996 trieteritam
1033 3946 1101 3997 R.
1788 3948 1887 3999 584
1919 3946 2169 3997 Baehrens
2255 3950 2564 4012 conjectures
2628 3950 2836 4010 Adque..

577 4012 675 4062 528
711 4012 810 4069 Quo
832 4013 948 4061 latet
980 4014 1168 4074 expulsi
1189 4015 1227 4062 i.
1257 4028 1382 4074 pene
1401 4012 1534 4074 seris
1555 4012 1621 4064 Β.
1722 4014 2165 4075 Iamque—lietera
2186 4011 2251 4062 Β.
2322 4014 2491 4061 littora
2513 4012 2574 4062 B.

513 4077 636 4125 latet
654 4075 763 4127 VB.
833 4077 930 4125 late
950 4075 1180 4139 Mueller,
1207 4077 1375 4128 which
1403 4077 1626 4128 Schenkl
1790 4078 1888 4129 585
1920 4078 2034 4126 Non
2056 4079 2218 4126 nullus
2232 4075 2344 4127 VR.
2414 4075 2482 4126 In
2502 4076 2549 4126 V
2571 4077 2714 4128 there
2735 4079 2781 4127 is
2803 4095 2834 4127 a

510 4156 769 4204 approves.
862 4144 984 4189 iacet
1015 4141 1199 4193 Heins.
1278 4150 1423 4204 patet
1443 4145 1620 4193 Burm.
1723 4144 1811 4192 dot
1832 4143 1992 4191 under
2020 4141 2107 4191 the
2142 4158 2176 4190 n
2215 4143 2271 4191 of
2306 4142 2491 4202 nullm,
2512 4140 2608 4192 but
2628 4156 2696 4192 no
2719 4156 2830 4192 cor-

517 4206 621 4261 Qua
644 4208 766 4255 iacet
787 4207 988 4255 exclusis
1009 4204 1237 4257 Crusius.
1306 4206 1524 4271 Perhaps
1545 4222 1624 4258 we
1723 4207 1910 4257 rection
1949 4205 1993 4255 is
2032 4206 2201 4271 given.
2272 4208 2548 4256 Nonnullae
2588 4205 2651 4255 B.
2720 4208 2839 4256 Non

513 4269 692 4318 should
713 4270 831 4318 read
865 4272 1010 4320 latere
1042 4271 1124 4320 for
1159 4273 1278 4320 latet
1299 4272 1355 4321 of
1374 4270 1461 4323 the
1483 4286 1618 4334 uss„
1723 4274 1852 4321 ullus
1886 4270 2046 4320 Panv.
2128 4271 2325 4320 brachia
2358 4269 2422 4321 V.
2507 4271 2733 4319 bracchia
2769 4270 2832 4320 Β.

513 4349 593 4382 see
613 4333 677 4382 E.
703 4332 773 4382 N.
836 4350 985 4395 poene
1004 4333 1071 4385 V.
1128 4351 1255 4397 pene
1275 4334 1337 4384 B.
1788 4335 1886 4385 586
1918 4336 2137 4397 Aeolias,
2162 4335 2286 4384 with
2322 4350 2352 4383 a
2386 4334 2519 4386 after
2551 4338 2572 4385 i
2605 4334 2841 4400 changed

579 4396 677 4447 529
707 4411 856 4447 manu
893 4401 1070 4449 similis
1102 4403 1336 4461 prooedix
1379 4403 1435 4451 in
1477 4402 1623 4465 equo?
1722 4405 1776 4452 to
1800 4403 1820 4448 i
1841 4399 1906 4449 V.
1973 4402 2146 4449 Eoliae
2158 4406 2319 4461 posset
2339 4398 2403 4449 Β.

518 4459 536 4525 (
558 4483 600 4503 --
621 4463 693 4524 re)
716 4459 780 4511 Β.
1790 4465 1886 4515 587
1910 4467 2130 4526 protexit
2151 4466 2260 4527 αἱμα
2284 4463 2348 4514 Β.
