3207 5149
485 538 606 598 112

1024 538 1351 600 RVTILII
1393 537 1743 600 CLAVDII
1766 536 2262 597 NAMATIANI

748 719 1102 804 Postquam
1132 723 1375 787 Tuscus
1404 743 1556 807 ager
1584 728 2058 805 postquamque
2087 719 2395 783 Aurelius
2424 739 2616 804 agger

837 829 1188 913 Perpessus
1221 830 1483 894 Geticas
1513 850 1667 894 ense
1697 828 1803 893 vel
1834 829 1982 913 igne
2011 848 2244 891 manus
2722 825 2807 889 40

746 936 899 999 Non
929 937 1128 1001 silvas
1160 938 1475 1012 domibus,
1506 958 1638 1000 non
1668 936 1939 999 flumina
1967 942 2167 1019 ponte
2199 941 2466 1009 coercet,

835 1044 1097 1107 Incerto
1128 1045 1335 1109 satius
1363 1043 1624 1113 credere
1654 1043 1800 1106 vela
1829 1042 2010 1105 mari.

748 1150 989 1214 Crebra
1019 1151 1462 1233 relinquendis
1491 1150 1822 1234 infigimus
1852 1147 2071 1213 oscula
2099 1148 2304 1231 portis
2331 1170 2343 1210 ε

834 1257 1042 1321 Inviti
1086 1265 1398 1341 superant
1432 1258 1663 1321 limina
1691 1277 1871 1321 sacra
1899 1255 2111 1340 pedes,

748 1364 1024 1429 Oramus
1054 1365 1314 1428 veniam
1344 1365 1629 1428 lacrimis
1659 1371 1726 1428 et
1756 1363 1948 1427 laude
1978 1362 2263 1437 litamus,
2720 1360 2806 1423 45

835 1472 918 1534 In
948 1479 1272 1554 quantum
1302 1473 1494 1536 fletus
1526 1491 1785 1535 currere
1814 1470 2012 1535 verba
2044 1470 2217 1533 sinit.
2264 1541 2273 1555 ⁸

746 1660 1020 1737 Exaudi,
1052 1663 1273 1747 regina
1305 1663 1406 1726 tui
1435 1662 1874 1745 pulcherrima
1904 1659 2149 1734 mundi,

833 1769 1021 1833 Inter
1051 1770 1331 1834 sidereos
1363 1771 1569 1834 Roma
1599 1775 1860 1852 recepta
1887 1767 2105 1851 polos;

746 1874 1019 1952 Exaudi,
1048 1877 1345 1960 genetrix
1376 1876 1733 1951 hominum,
1761 1875 2187 1959 genetrixque
2219 1873 2485 1937 deorum
2509 1891 2524 1947 ;

833 1983 985 2046 Non
1016 1984 1243 2066 procul
1272 2005 1310 2046 a
1339 1984 1514 2047 caelo
1545 2004 1661 2066 per
1691 1990 1806 2047 tua
1837 1982 2084 2065 templa
2113 2002 2351 2045 sumus.
2727 1979 2808 2043 50

743 2090 830 2153 Te
861 2091 1153 2154 canimus
1184 2110 1581 2174 semperque,
1614 2091 1831 2154 sinent
1863 2091 2019 2153 dum
2049 2090 2204 2162 fata,
2234 2108 2574 2152 canemus:

833 2197 1065 2280 Sospes
1095 2218 1284 2261 nemo
1315 2204 1532 2280 potest
1561 2197 1902 2260 immemor
1931 2216 2069 2260 esse
2101 2197 2216 2259 tui.

742 2303 1099 2368 Obruerint
1128 2305 1322 2369 citius
1353 2304 1667 2368 scelerata
1705 2304 1945 2367 oblivia
1975 2303 2194 2378 solem,

831 2410 1043 2487 Quam
1074 2419 1228 2476 tuus
1258 2432 1340 2475 ex
1371 2418 1593 2475 nostro
1625 2411 1815 2474 corde
1846 2410 2105 2474 recedat
2134 2411 2352 2472 honos.

742 2518 916 2582 Nam
948 2519 1101 2584 solis
1132 2519 1329 2583 radiis
1359 2518 1657 2602 aequalia
1687 2539 1957 2583 munera
1988 2518 2221 2593 tendis,
2724 2515 2804 2578 55

831 2626 973 2703 Qua
1003 2627 1432 2690 circumfusus
1462 2628 1739 2690 fluctuat
1771 2626 2081 2690 Oceanus,

744 2734 1055 2797 Volvitur
1085 2735 1222 2817 ipse
1255 2734 1394 2807 tibi,
1425 2734 1540 2816 qui
1568 2734 1863 2798 continet
1893 2734 2126 2807 omnia,
2159 2731 2474 2805 PhoebuS,

827 2840 1012 2923 Eque
1046 2842 1177 2905 tuis
1209 2847 1384 2904 ortos
1415 2842 1485 2903 in
1517 2847 1633 2904 tua
1663 2841 1885 2904 condit
1916 2860 2129 2922 equos.

743 2948 830 3010 Te
861 2969 990 3010 non
1028 2948 1442 3032 flammigeris
1473 2949 1676 3031 Libye
1708 2948 1995 3012 tardavit
2024 2945 2300 3020 harenis,

829 3054 980 3117 Non
1012 3062 1262 3118 armata
1293 3076 1408 3118 suo
1439 3055 1728 3138 reppulit
1758 3055 1930 3118 Ursa
1958 3054 2107 3138 gelu
2134 3078 2146 3116 :
2724 3051 2806 3112 60

746 3159 1081 3236 Quantum
1113 3161 1335 3224 vitalis
1365 3168 1602 3225 natura
1634 3161 1919 3225 tetendit
1948 3162 2018 3222 in
2049 3180 2219 3233 axes

830 3268 1112 3330 Tantum
1145 3268 1381 3332 virtuti
1409 3268 1633 3350 pervia
1665 3276 1839 3332 terra
1869 3275 2038 3332 tuae.

523 3351 546 3400 Σ

742 3374 981 3437 Fecisti
1012 3376 1292 3457 patriam
1325 3375 1598 3438 diversis
1629 3376 1934 3458 gentibus
1965 3395 2163 3437 unam
2190 3399 2202 3437 ε

833 3481 1090 3544 Profuit
1120 3483 1400 3559 iniustiS,
1432 3489 1499 3546 te
1530 3484 1929 3558 dominante,
1969 3484 2148 3565 capi3

740 3587 1048 3670 Dumque
1080 3589 1267 3652 offers
1298 3589 1490 3652 victis
1521 3590 1767 3672 proprii
1798 3591 2121 3653 consortia
2152 3588 2329 3663 iuris,
2724 3589 2805 3651 65

831 3693 1079 3757 Urbem
1111 3695 1342 3771 fecisti,
1373 3696 1545 3778 quod
1575 3697 1756 3778 prius
1788 3697 1959 3759 orbis
1989 3703 2145 3759 erat.

547 3832 612 3881 89
647 3831 1125 3884 thuscus—aurelius
1149 3851 1263 3897 ayer
1285 3834 1350 3883 R.
1406 3838 1595 3883 Aurel-

484 3897 582 3943 lius
605 3896 664 3944 B.
736 3897 799 3946 In
817 3899 862 3946 V
883 3899 1024 3949 there
1047 3917 1131 3949 are
1169 3908 1272 3949 two
1295 3902 1405 3948 dots
1428 3900 1599 3950 before

479 3960 583 4008 this
616 3960 735 4024 line,
770 3963 863 4013 but
911 3980 977 4014 no
1022 3965 1297 4014 correction
1340 3964 1383 4013 is
1423 3964 1593 4028 given.

481 4023 798 4086 Wernsdorf‚
835 4028 1084 4089 however,
1135 4046 1252 4091 says
1313 4035 1598 4091 ‘postquam

489 4090 758 4139 Taurellim
777 4108 891 4144 orae
914 4095 1021 4143 cod.
1040 4094 1346 4156 adscriptum
1367 4093 1499 4143 vidit
1518 4096 1599 4143 vir

482 4153 660 4202 doctus
677 4154 733 4203 in
754 4157 964 4206 Miscell.
984 4158 1103 4207 Obs.
1125 4158 1225 4206 vol.
1243 4157 1341 4218 iii„
1358 4164 1478 4207 tom.
1497 4158 1593 4208 iii!

547 4216 611 4264 41
648 4220 808 4277 sylvas
828 4221 891 4271 V.
959 4225 1104 4272 villas
1128 4222 1309 4272 Heius.

545 4280 619 4356 42·
645 4283 686 4330 Ι
710 4285 979 4345 incertoR3
1017 4288 1116 4335 and
1140 4303 1193 4336 so
1215 4287 1262 4336 R
1294 4287 1387 4336 has
1418 4287 1471 4335 in
1500 4290 1591 4337 115

481 4344 691 4406 Eersqe,
732 4351 825 4396 204
858 4354 987 4411 Vvet,
1025 4354 1120 4400 269
1157 4353 1192 4399 I
1220 4355 1588 4413 intrantemque,

482 4422 540 4484 ξι.
588 4410 647 4456 15
699 4412 740 4459 Ι
776 4416 1035 4474 incipiunt,
1078 4420 1135 4464 18
1175 4418 1226 4465 E
1262 4418 1326 4479 sss
1364 4424 1401 4473 t,
1453 4420 1512 4466 39
1559 4420 1600 4467 Ι

481 4488 581 4520 iam
617 4475 679 4520 46
704 4476 743 4522 I
767 4479 972 4540 inmisit,
1007 4483 1069 4529 48
1102 4482 1142 4529 Ι
1168 4483 1320 4543 illale,
1359 4483 1420 4529 66
1444 4483 1494 4529 E
1523 4489 1587 4531 et.

546 4536 612 4584 43
646 4540 785 4600 reliq.
813 4542 873 4589 B.

545 4600 613 4649 45
647 4602 894 4653 lachrimis
940 4607 1004 4657 R.
1092 4608 1348 4658 Buimann
1396 4616 1514 4673 puts
1560 4626 1591 4660 a

1699 3851 1891 3886 comma
1955 3834 2087 3884 after
2157 3837 2363 3896 veniam,
2438 3834 2617 3883 Damm
2676 3833 2809 3883 after

1702 3903 1932 3949 lacrimis.

1762 3965 1829 4012 48
1864 3966 2078 4026 sydereae
2100 3963 2164 4012 R.

1761 4030 1827 4079 49
1856 4031 2075 4090 qenicrix
2144 4027 2252 4076 VB.
2356 4027 2609 4076 Baehrens
2663 4027 2807 4077 reads

1697 4097 1872 4142 nutrix
1924 4093 2006 4142 for
2056 4096 2275 4156 qenetrix
2321 4092 2492 4141 before
2543 4095 2802 4153 hominum,

1699 4175 1804 4209 cnm
1843 4157 1985 4219 aring
2006 4158 2107 4206 line
2135 4161 2245 4205 146.
2308 4160 2611 4219 qenitrixque
2630 4155 2739 4206 VB.

1763 4175 1841 4271 td)
1861 4222 1984 4271 This
2037 4222 2140 4270 line
2185 4221 2438 4271 Baehrens
2483 4222 2702 4271 encloses
2750 4220 2806 4272 in

1695 4288 1925 4337 brackets
1957 4303 2011 4335 us
2043 4303 2073 4335 a
2105 4287 2432 4349 parenthesis.

1764 4354 1827 4401 52
1862 4355 2027 4412 Sospes
2065 4352 2222 4400 VRB.
2314 4353 2501 4411 Hospes
2542 4350 2797 4413 capez-1133

1693 4418 1786 4467 but
1807 4417 1895 4466 the
1918 4417 2178 4480 preceding
2202 4416 2322 4475 line,
2361 4420 2518 4464 sinent
2541 4418 2651 4464 dum
2662 4416 2799 4476 fata,

1693 4482 1899 4531 favour-s
1934 4496 2104 4542 sospes.
2172 4485 2401 4529 immemor
2424 4480 2488 4529 R.

1759 4546 1823 4595 68
1857 4548 2057 4594 celatum
2079 4545 2160 4595 for
2181 4547 2409 4593 scelerata
2444 4545 2618 4594 Heius.

1761 4612 1824 4660 55
1857 4613 2019 4659 radios
2039 4611 2097 4662 R.
2170 4613 2353 4659 moenia
2371 4612 2608 4659 ornmnia
2622 4608 2796 4659 Barth.
