3207 5149
511 522 655 588 ’150

515 3920 551 3966 d
577 3850 675 3930 407
709 3850 955 3903 Heinsius
998 3850 1313 3916 conjectures
1355 3853 1411 3900 in
1446 3849 1619 3901 before

550 3934 673 3967 urse.

1029 512 1037 519 ⁴
1076 522 1408 586 RVTILII
1450 510 1799 587 GLAVDII
1840 520 2281 589 NAMATIAN
2287 526 2319 587 Ι

792 709 934 804 Nec
964 696 1227 774 tantum
1260 708 1442 773 duris
1470 708 1679 774 nituit
1708 710 2030 793 sapientia
2058 711 2284 776 rebus:

878 821 1147 887 Pectore
1177 841 1310 884 non
1339 819 1468 884 alio
1496 821 1902 905 prosperiora
1933 822 2111 887 tulit.

788 933 1100 998 Conscius
1131 932 1426 997 Oceanus
1455 933 1799 1010 virtutum,
1828 935 2082 998 conscia
2112 935 2336 1019 Thyle,

873 1044 964 1109 Et
993 1065 1437 1128 quaecumque
1466 1044 1651 1109 ferox
1679 1065 1837 1109 arva
1864 1046 2225 1111 Britannus
2254 1055 2435 1113 arat:

787 1156 935 1234 Qua
962 1157 1436 1241 praefectorum
1467 1157 1719 1222 vicibus
1749 1157 2004 1223 frenata
2032 1166 2322 1242 potestas

874 1269 1271 1353 Perpetuum
1299 1269 1521 1352 magni
1548 1269 1779 1332 faenus
1808 1269 2045 1334 amoris
2072 1269 2287 1334 habet.

783 1379 1172 1447 Extremum
1201 1401 1353 1465 pars
1380 1380 1497 1444 illa
1527 1379 1792 1463 quidem
1821 1381 2117 1446 discessit
2144 1382 2216 1445 in
2247 1383 2486 1461 orbem,

875 1492 1001 1559 Sed
1032 1500 1367 1576 tamquam
1394 1492 1609 1557 media
1637 1500 1849 1557 rector
1876 1493 1949 1557 in
1976 1494 2137 1558 urbe
2167 1494 2312 1559 fuit.

786 1605 948 1670 Plus
975 1604 1232 1689 palmae
1260 1611 1362 1670 est
1391 1605 1539 1669 illos
1567 1605 1744 1669 inter
1772 1604 2054 1670 voluisse
2083 1605 2356 1689 placere,

874 1718 1064 1799 Inter
1091 1738 1253 1801 quos
1282 1717 1497 1781 minor
1525 1723 1628 1781 est
1658 1716 2063 1800 displicuisse
2093 1717 2356 1801 pudor..

783 1828 1076 1894 Illustris
1105 1849 1315 1914 nuper
1342 1849 1560 1894 sacrae
1589 1849 1803 1893 comes
1832 1828 2096 1894 additus
2126 1831 2314 1895 aulae

874 1941 1282 2025 Contempsit
1311 1961 1598 2006 summos
1628 1941 1799 2005 ruris
1830 1962 2046 2005 amore
2074 1942 2330 2026 gradus.

782 2053 982 2119 Hunc
1011 2073 1127 2139 ego
1156 2053 1532 2137 complexus
1561 2058 1910 2118 ventorum
1939 2053 2209 2118 adversa
2239 2054 2465 2132 fefelli,

869 2167 1047 2230 Dum
1080 2165 1304 2231 videor
1331 2165 1584 2249 patriae
1612 2165 1743 2230 iam
1773 2165 1937 2229 mihi
1964 2144 2152 2249 parte
2182 2167 2329 2231 frui.

776 2419 984 2485 Lutea
1010 2419 1375 2503 protulerat
1403 2418 1597 2484 sudos
1627 2438 1860 2482 aurora
1887 2418 2171 2503 iugales:

860 2532 1227 2598 Antemnae
1257 2531 1440 2597 tendi
1470 2530 1683 2597 litoris
1712 2551 1870 2595 aura
1899 2531 2097 2596 iubet.

777 2645 1169 2710 Inconcussa
1199 2645 1384 2710 vehit
1414 2644 1811 2727 tranquillus
1842 2644 2159 2727 aplustria
2188 2644 2402 2720 flatus,

863 2756 1098 2821 Mollia
1127 2777 1353 2822 securo
1382 2757 1529 2821 vela
1559 2756 1838 2821 rudente
1868 2762 2177 2821 tremunt.

773 2868 1092 2953 Adsurgit
1122 2869 1311 2952 ponti
1338 2868 1551 2933 medio
1578 2869 1958 2932 circumflua
1988 2868 2249 2952 Gorgon

861 2981 1050 3046 Inter
1079 2981 1391 3045 Pisanum
1422 2980 1942 3064 Cyrnaicumque
1971 2979 2159 3045 latus.

771 3093 1057 3158 Aversor
1086 3094 1399 3176 scopuIOS,
1429 3092 1653 3156 damni
1680 3099 2104 3156 monumenta
2132 3093 2446 3157 recentis:

861 3204 1166 3271 Perditus
1194 3205 1301 3269 hic
1331 3205 1482 3268 vivo
1512 3204 1741 3268 funere
1770 3205 1931 3268 civis
1961 3193 2118 3268 erat.

774 3315 1016 3380 Noster
1045 3317 1220 3380 enim
1250 3336 1458 3400 nuper
1486 3316 1741 3381 iuvenis
1771 3316 2123 3380 maioribus
2153 3316 2408 3400 amplis,

859 3427 999 3492 Nec
1027 3449 1224 3493 censu
1254 3429 1521 3493 inferior
1550 3428 1928 3513 coniugiove
1955 3428 2187 3504 minor,

773 3541 1107 3624 Impulsus
1136 3541 1342 3617 furiis,
1371 3540 1667 3605 homines
1698 3546 2032 3623 terrasque
2063 3539 2348 3623 reliquit,

857 3653 949 3719 Et
979 3659 1238 3737 turpem
1266 3653 1586 3718 latebram
1616 3652 1916 3717 credulus
1946 3653 2101 3716 exul
2131 3652 2287 3716 adit.

1716 3915 1920 3964 discedit
1942 3914 2122 3964 Baehr.
2191 3916 2354 3965 urbem
2377 3914 2442 3965 R.

2725 1053 2852 1118 500

2718 1610 2844 1675 505

2711 2171 2836 2236 510

2707 2871 2832 2934 515

2698 3430 2823 3494 520

1784 3850 1879 3899 503
1913 3865 2016 3899 core
2048 3851 2139 3899 illa
2161 3849 2344 3900 Heius.
2425 3851 2643 3901 discessit
2662 3849 2819 3901 VRB.

577 3982 677 4032 498
710 3981 909 4032 Pectora
920 3981 983 4031 B.
1042 3979 1285 4031 Heinsius
1298 3980 1617 4044 conjectured
1782 3979 1881 4028 504
1914 3986 2144 4042 tanquam
2165 3980 2228 4030 V.
2315 3981 2643 4031 medio—orbe
2662 3980 2820 4030 VRB.

516 4048 716 4097 Pectora
737 4063 832 4096 nou
853 4048 1001 4109 alius,
1024 4046 1119 4096 but
1133 4044 1229 4097 VR
1241 4045 1370 4096 have
1391 4044 1480 4095 the
1502 4054 1614 4095 true
1715 4043 1785 4094 In
1814 4044 1862 4094 R
1883 4057 1909 4091 o
1928 4044 1985 4093 of
2015 4046 2122 4093 orbe
2141 4044 2187 4094 is
2210 4061 2274 4094 on
2297 4060 2363 4096 an
2385 4061 2602 4109 erasure,
2620 4046 2714 4097 but
2732 4056 2820 4096 not

513 4111 721 4176 reading
741 4112 948 4162 Pectore.

580 4176 679 4226 499
715 4176 933 4227 Consulis
953 4176 1015 4226 Β.
1091 4176 1211 4238 Tyle
1230 4171 1295 4226 V.
1370 4175 1523 4224 Usula
1553 4173 1614 4223 B.
1716 4173 1935 4223 Schenkl
1968 4190 2226 4237 approves.

580 4241 679 4291 500
709 4256 1009 4305 quaecunque
1048 4239 1163 4291 VB.
1252 4242 1518 4303 quicunque
1549 4238 1612 4288 B.

512 4321 791 4369 quacunque
810 4305 993 4357 Heins.
1059 4307 1303 4355 Britanuc
1323 4303 1386 4355 B.

580 4369 675 4419 501
700 4372 1028 4434 prqt‘eotorum
1050 4369 1115 4420 R.
1784 4369 1882 4421 507
1916 4372 2079 4418 aditus
2106 4368 2169 4417 R.

580 4434 679 4484 502
708 4436 942 4496 Perpetui
963 4451 1186 4498 maynum
1207 4433 1382 4485 Burm.
1436 4434 1619 4500 somus
1784 4434 1880 4484 508
1918 4436 2201 4494 Gomptessit
2233 4431 2298 4483 R.

512 4496 670 4549 VBB.
724 4499 901 4562 foedus
922 4499 1100 4550 Heins.
1785 4499 1883 4550 500
1900 4500 2095 4563 fefellit
2118 4499 2181 4556 R.

1712 4108 1844 4159 from
1887 4126 1937 4158 u.
2029 4110 2366 4159 media—urbe
2410 4109 2610 4173 Muell.,
2655 4111 2822 4160 which
2906 4123 2916 4137 ⁴

1782 4239 1879 4288 505
1907 4241 2102 4299 palmae
2123 4246 2194 4287 eet
2216 4238 2282 4288 V.
2342 4211 2583 4301 palmuest
2604 4238 2787 4290 Muell-

1781 4304 1880 4356 506
1911 4303 2165 4353 Baehrens
2187 4304 2499 4369 conjectures
2511 4320 2687 4368 pavor.
2797 4339 2805 4348 ·
