3207 5149
492 527 610 586 116

1017 520 1349 585 BVTILII
1392 520 1742 583 CLAVDII
1783 521 1838 581 N
1843 521 2263 584 AMATIANI

757 706 943 783 Quod
972 726 1203 790 regnas
1232 705 1448 768 minus
1478 709 1580 768 est
1610 724 1808 787 quam
1838 705 2011 787 quod
2040 725 2309 791 regnare
2332 707 2637 772 mereris:

712 806 718 811 ⁹
843 812 1120 877 Excedis
1149 811 1341 876 factis
1369 810 1641 895 grandia
1670 811 1810 875 fata
1840 812 1989 876 tuis.

758 1092 1144 1154 Percensere
1174 1089 1357 1152 labor
1387 1088 1608 1152 densis
1638 1088 1867 1153 decora
1897 1089 2033 1153 alta
2064 1091 2364 1173 tropaeiS‚

848 1197 947 1262 Ut
975 1197 1031 1261 si
1061 1197 1206 1279 quis
1236 1195 1460 1260 stellas
1489 1216 1947 1278 pernumerare
1977 1197 2159 1272 velit,

760 1305 1317 1387 Confunduntque
1348 1324 1543 1388 vagos
1573 1303 1844 1368 delubra
1874 1304 2184 1369 micantia
2214 1305 2392 1368 visus
2420 1329 2432 1367 :
2736 1304 2819 1368 95

846 1413 1031 1495 Ipsos
1061 1411 1444 1477 crediderim
1475 1411 1567 1475 sic
1596 1411 1895 1476 habitare
1927 1412 2093 1477 deos.

758 1520 929 1597 Quid
959 1520 1187 1603 loquar
1216 1519 1388 1583 aerio
1418 1517 1780 1601 pendentes
1810 1519 2055 1584 fornice
2085 1520 2276 1594 rivos,

845 1626 989 1703 Qua
1018 1626 1135 1690 vix
1163 1625 1530 1689 imbriferas
1560 1625 1825 1689 tolleret
1857 1625 1983 1689 Iris
2013 1646 2213 1709 aquas
2239 1629 2263 1690 2

758 1734 899 1798 I-Ios
927 1733 1147 1817 potius
1177 1733 1354 1797 dicas
1383 1732 1662 1796 crevisse
1692 1732 1762 1794 in
1794 1732 2008 1796 sidera
2037 1740 2291 1797 montes
2315 1753 2331 1809 3

839 1841 993 1905 Tale
1020 1841 1397 1924 giganteum
1428 1839 1699 1903 Graecia
1728 1839 1953 1904 laudet
1982 1861 2161 1923 opus.

2691 1843 2816 1907 100

756 1950 1133 2031 Intercepta
1162 1947 1295 2011 tuis
1324 1946 1695 2010 conduntur
1723 1946 1995 2010 flumina
2023 1947 2228 2012 muris
2251 1966 2267 2024 ;

844 2055 1253 2119 Consumunt
1283 2059 1456 2117 totos
1485 2053 1661 2117 celsa
1689 2053 1946 2117 lavacra
1975 2053 2173 2118 lacus·

753 2163 894 2227 Nec
923 2162 1139 2225 minus
1169 2167 1238 2225 et
1266 2160 1544 2263 prepriis
1574 2160 1987 2224 celebrantur
2018 2161 2267 2225 roscida
2299 2163 2480 2227 venis

841 2270 1131 2352 Totaque
1161 2268 1387 2332 nativo
1417 2266 1673 2330 mbenia
1702 2267 1886 2332 fonte
1916 2276 2168 2333 sonant.

750 2377 1051 2462 Frigidus
1080 2376 1360 2439 aestivas
1390 2375 1543 2438 hinc
1574 2380 1899 2457 temperat
1928 2375 2173 2440 halitus
2205 2395 2428 2449 auras3

2679 2378 2804 2440 105

838 2485 1323 2565 Innocuamque
1352 2481 1531 2546 levat
1559 2482 1782 2564 purior
1812 2482 1988 2545 unda
2016 2482 2212 2546 sitim.

752 2595 1005 2676 Nempe
1037 2591 1159 2655 tibi
1188 2590 1444 2655 subitus
1473 2589 1832 2653 calidarum
1860 2611 2094 2675 gurges
2125 2612 2438 2674 aquarum

842 2701 1047 2783 Rupit
1077 2698 1386 2781 Tarpeias
1415 2699 1602 2762 hoste
1632 2705 1969 2781 premente
1999 2698 2153 2762 vias,

756 2809 824 2873 Si
854 2809 1024 2871 foret
1053 2812 1373 2880 aeternuS,
1403 2825 1624 2869 casum
1656 2805 1930 2869 fortasse
1959 2812 2292 2888 putarem:

839 2914 1107 2978 Auxilio
1136 2913 1346 2987 fluxit,
1376 2913 1490 2995 qui
1519 2912 1849 2976 rediturus
1879 2919 2035 2976 erat.

2686 2916 2812 2979 110

755 3023 926 3101 Quid
955 3022 1185 3104 loquar
1209 3019 1492 3083 inclusas
1521 3020 1697 3083 inter
1726 3019 2058 3102 laquearia
2087 3021 2301 3097 silvaS,

841 3128 1134 3194 Vernula
1163 3148 1292 3210 qua
1320 3127 1500 3190 vario
1529 3127 1816 3190 carmine
1845 3125 2019 3191 ludit
2048 3129 2186 3192 avis
2212 3132 2235 3192 2

752 3238 926 3302 Vere
957 3244 1070 3300 tuo
1100 3254 1456 3317 numquam
1486 3233 1760 3297 mulceri
1788 3233 2029 3298 desinit
2058 3255 2306 3312 annus;

841 3343 1254 3424 Deliciasque
1289 3349 1432 3405 tuas
1463 3340 1638 3404 victa
1669 3346 1895 3404 tuetur
1923 3341 2145 3405 hiems,

556 3545 621 3596 91
656 3545 781 3606 quod
800 3558 942 3605 quam
963 3557 1008 3590 r.
1048 3542 1241 3589 mireris
1257 3538 1322 3589 R.
1392 3538 1599 3589 Crusius

493 3607 865 3671 unnecessarily
886 3605 1198 3670 conjectures
1232 3606 1440 3666 quodque
1474 3608 1599 3666 reqis

489 3679 649 3725 minus
691 3680 760 3722 est
804 3688 946 3734 quam
1001 3673 1125 3733 quod
1174 3672 1354 3717 roxiace
1406 3672 1599 3718 mereris

495 3740 600 3802 (i.e.
626 3739 751 3789 thou
787 3739 1039 3786 deservest
1073 3740 1127 3785 to
1159 3734 1268 3784 rule
1305 3749 1423 3783 over
1465 3749 1600 3783 more

484 3805 611 3856 than
631 3804 755 3853 thou
778 3804 929 3863 dost).

543 3870 611 3920 92
630 3870 776 3933 facta
796 3865 953 3916 VRB.
1008 3865 1130 3927 sata
1160 3863 1322 3913 PanV.

549 3935 614 3985 98
650 3936 744 3983 Per
775 3932 830 3982 of
868 3934 1142 3980 vaemere
1190 3928 1244 3977 in
1277 3928 1323 3978 V
1354 3927 1397 3976 is
1430 3944 1460 3977 a
1490 3942 1598 3976 cor-

484 4004 694 4056 rection,
732 3999 830 4047 and
864 3995 952 4046 the
991 3995 1153 4044 whole
1187 3993 1325 4042 word
1355 3992 1399 4041 is
1432 3993 1599 4041 there-

481 4065 592 4115 fore
622 4063 852 4129 repeated
884 4062 939 4110 in
980 4059 1069 4109 the
1109 4058 1322 4122 margin.
1392 4058 1603 4118 tropheis

557 4195 623 4243 96
656 4192 914 4242 &edideris
937 4190 1017 4238 hic
1039 4188 1211 4237 Burm.

558 4260 623 4309 97
659 4261 824 4320 loquor
847 4255 912 4304 R.

556 4325 620 4374 98
655 4324 757 4372 For
816 4321 921 4378 Qua
978 4318 1236 4367 Burmann
1290 4316 1599 4381 conjectures

490 4392 596 4440 Par
639 4403 694 4437 or
742 4387 856 4442 Quo.
928 4383 1240 4445 himbriseras
1279 4381 1340 4430 R.
1427 4383 1596 4429 tolerat

491 4452 618 4505 with
655 4453 844 4500 tollerat
880 4450 939 4513 ·f·
980 4448 1160 4495 tolleret
1183 4447 1237 4495 in
1271 4445 1464 4508 margin
1503 4460 1591 4493 ex-

487 4517 696 4581 tending
741 4524 791 4566 to
834 4514 922 4564 the
963 4512 1090 4562 back
1134 4512 1190 4562 of
1242 4527 1273 4561 a
1316 4510 1597 4574 projecting

1698 3538 1990 3600 parchment
2011 3539 2107 3601 slip
2139 3541 2311 3602 pasted
2344 3556 2407 3590 on
2432 3540 2519 3591 the
2541 3541 2684 3591 other
2705 3543 2810 3592 side

1700 3602 1757 3653 of
1801 3603 1888 3653 the
1921 3620 2045 3666 page
2100 3613 2153 3653 at
2207 3604 2310 3654 line
2357 3608 2466 3664 135,
2516 3608 2680 3657 where
2729 3623 2809 3658 see

1702 3667 1902 3717 Critical
1923 3668 2056 3718 Note
2070 3668 2131 3718 V.
2191 3671 2372 3718 tolleret
2390 3670 2498 3719 RB.
2556 3672 2807 3722 Baehrens

1701 3748 1746 3782 c.
1772 3736 1983 3795 oolliqat.

1769 3798 1835 3847 99
1867 3800 2019 3847 sidere
2041 3797 2166 3848 with
2199 3801 2358 3848 sidera
2401 3800 2460 3861 ‘f
2509 3799 2562 3850 in
2614 3802 2807 3866 margin

1707 3862 1770 3913 V.
1840 3869 1909 3911 tot
1941 3866 2144 3924 scopulis
2175 3865 2306 3912 dicas
2334 3868 2531 3914 crevisse
2561 3868 2616 3914 in
2648 3869 2805 3916 sidera

1703 3929 1843 3977 moles
1874 3926 2016 3977 Orus.
2052 3931 2207 3976 dicam
2239 3931 2337 3977 and
2368 3931 2433 3977 ad
2467 3931 2628 3980 nidera
2660 3932 2802 3982 Ken-

1702 3992 1926 4042 chenius.

1771 4057 1867 4106 100
1905 4057 2053 4112 Quale
2108 4056 2285 4107 Barth.
2380 4062 2689 4121 ,qiqantaeum
2743 4005 2802 4111 A.

1701 4125 1866 4183 ργασία
1911 4121 1976 4171 R.
2068 4125 2235 4171 laudat
2280 4123 2435 4173 VRB.
2526 4125 2590 4174 In
2633 4126 2678 4176 V
2710 4128 2809 4176 eis

1705 4186 1904 4236 written
1927 4187 2085 4236 above
2108 4187 2193 4236 the
2218 4190 2399 4238 second
2419 4205 2449 4237 a
2471 4188 2528 4238 of
2561 4192 2742 4240 laudat.

1770 4251 1864 4300 1⁰1
1897 4254 2198 4313 Inter-coepta
2254 4252 2317 4302 V.
2409 4255 2715 4316 Incero-nepta
2747 4255 2807 4304 B.

1702 4317 1984 4375 Inter-repta
2009 4316 2073 4365 R.
2144 4316 2328 4380 Zumpt
2351 4325 2543 4381 quotes,
2569 4319 2661 4370 but
2686 4319 2810 4369 with

1699 4380 2032 4443 disapproval,
2076 4385 2177 4430 cais
2210 4382 2291 4432 for
2335 4386 2434 4431 tuis
2481 4384 2806 4435 Kenchenius

1697 4446 1761 4495 ad
1818 4445 2047 4495 Frontin.
2096 4463 2145 4510 p.
2177 4447 2288 4506 371,
2341 4448 2587 4513 referring
2627 4457 2679 4499 to
2719 4449 2807 4499 the

1697 4509 2058 4560 substructions
2112 4526 2180 4560 on
2237 4511 2402 4563 which
2458 4513 2544 4563 the
2598 4521 2805 4565 streame
