3207 5149
541 541 659 602 146

607 3987 705 4036 445
730 4002 928 4049 pervere
960 3990 1004 4035 is
1041 3986 1146 4049 (the
1185 3988 1367 4038 second
1404 4004 1457 4037 et·
1488 4003 1552 4037 on
1587 4005 1655 4038 an

1124 537 1450 600 RVTILII
1492 535 1842 600 GLAVDII
1880 534 2355 596 NAMATIANI

803 722 1139 800 Quaenam
1164 722 1454 807 perversi
1483 722 1695 786 rabies
1726 728 1864 786 tam
1894 720 2100 785 stulta
2128 719 2392 795 cerebri,

890 844 1071 906 Dum
1101 843 1273 906 mala
1303 842 1628 919 formides,
1658 862 1777 906 nec
1807 842 1976 905 bona
2005 861 2191 924 posse
2221 841 2361 924 pati
2387 843 2410 903 ἲ

803 963 954 1027 Sive
985 983 1134 1027 suas
1163 969 1474 1045 repetunt
1503 962 1824 1026 factorum
1856 961 2181 1046 ergastula
2210 980 2467 1043 poenas,

888 1083 1128 1147 Tristia
1154 1103 1270 1147 seu
1300 1082 1484 1167 nigro
1513 1082 1761 1146 viscera
1790 1081 1943 1146 felle
1974 1088 2250 1157 tument,

802 1203 907 1267 Sic
937 1203 1177 1267 nimiae
1207 1202 1358 1266 bilis
1390 1203 1689 1265 morbum
1719 1202 2076 1285 assignavit
2106 1200 2433 1265 Homerus

890 1321 1452 1406 Bellerophonteis
1482 1321 2066 1386 sollicitudinibus:

800 1443 975 1507 Nam
1005 1442 1227 1507 iuveni
1258 1442 1500 1506 offenso
1530 1442 1707 1506 saevi
1736 1448 1886 1524 post
1917 1441 2050 1505 tela
2081 1440 2320 1504 doloris

889 1563 1154 1628 Dicitur
1182 1562 1542 1625 humanum
1571 1561 1978 1644 displicuisse
2007 1581 2233 1645 genus

802 1732 884 1794 In
913 1730 1439 1807 Volaterranum,
1470 1751 1623 1794 vero
1653 1729 1842 1794 Vada
1871 1730 2150 1809 nomine,
2181 1736 2467 1794 tractum

890 1852 1228 1936 Ingressus
1258 1851 1440 1914 dubii
1470 1851 1756 1916 tramitis
1786 1850 1922 1914 alta
1951 1850 2113 1934 lego,

801 1970 1158 2052 Despectat
1186 1990 1415 2053 prorae
1445 1975 1664 2034 custos
1699 1970 2084 2053 clavumque
2115 1977 2496 2053 sequentem

888 2089 1137 2173 Dirigit
1166 2096 1236 2153 et
1263 2089 1537 2172 puppim
1567 2109 1722 2153 voce
1753 2096 2058 2155 monente
2089 2090 2275 2173 regit.

805 2209 1099 2273 Incertas
1128 2209 1386 2293 gemina
1416 2208 1822 2274 discriminat
1851 2209 2076 2273 arbore
2107 2209 2324 2273 fauces

887 2329 1281 2412 Defixasque
1311 2329 1500 2392 offert
1528 2329 1716 2393 limes
1748 2338 2021 2413 uterque
2051 2329 2275 2393 sudes:

804 2449 949 2513 Illis
978 2469 1275 2532 proceras
1305 2470 1444 2513 mos
1473 2456 1574 2514 est
1603 2449 1948 2514 adnectere
1980 2451 2196 2514 lauros

892 2568 1289 2652 Conspicuas
1319 2569 1518 2634 ramis
1558 2577 1628 2635 et
1659 2569 2014 2635 fruticante
2045 2591 2245 2647 coma,

804 2694 903 2759 Ut
932 2695 1284 2778 praebente
1315 2695 1532 2780 algam
1563 2695 1747 2759 densi
1778 2695 2192 2781 symplegade
2222 2696 2363 2759 limi

893 2814 1123 2880 Servet
1152 2815 1498 2879 inoffensas
1529 2816 1762 2879 semita
1791 2816 1965 2879 clara
1994 2824 2199 2881 notas.

807 2983 956 3046 Illic
984 3003 1089 3047 me
1119 2983 1382 3066 rapidus
1411 3004 1485 3047 co
1535 2984 1762 3048 sistere
1793 2982 1998 3048 Corus
2027 2983 2261 3068 adegit,

902 3102 1129 3182 Qualis
1160 3102 1472 3166 silvarum
1501 3066 2014 3192 Qsslustra
2046 3104 2235 3169 solet.

804 3223 939 3286 Vix
970 3223 1104 3288 tuti
1134 3223 1432 3287 domibus
1462 3189 2138 3288 saevds‘fioleravimus
2162 3225 2417 3289 imbres

889 3342 1119 3405 Albini
1147 3343 1367 3424 patuit
1395 3343 1692 3425 proxima
1723 3344 1880 3407 villa
1911 3343 2055 3408 mei.

2727 719 2856 782 445

2727 1320 2856 1383 450

2723 1972 2852 2034 455

2727 2572 2857 2637 460

2729 3227 2858 3291 465

803 3463 1104 3546 Namque
1134 3482 1334 3539 meus,
1364 3483 1558 3545 quem
1590 3463 1796 3527 Roma
1825 3484 1968 3527 meo
1999 3464 2340 3528 subiunxit
2370 3464 2616 3541 honori,

892 3582 1017 3645 Per
1046 3602 1240 3665 quem
1268 3582 1412 3645 iura
1439 3602 1621 3646 meae
1651 3584 2032 3648 continuata
2061 3590 2268 3668 togae.

803 3701 954 3765 Non
985 3708 1392 3784 exspectatos
1419 3702 1721 3784 pensavit
1749 3702 2051 3767 laudibus
2080 3724 2283 3767 annos
2307 3723 2323 3780 ;

889 3821 1086 3884 Vitae
1116 3822 1270 3885 flore
1299 3842 1483 3905 puer,
1516 3822 1629 3887 sed
1658 3824 1981 3907 gravitate
2014 3845 2226 3890 senex,

538 4052 1033 4114 erasure)—0arebris
1067 4052 1131 4101 Β.
1755 4056 1876 4103 tacis
1898 4053 1956 4103 B.

606 4116 706 4165 446
737 4131 796 4165 ne
839 4117 958 4166 bona
1001 4115 1063 4166 R.
1166 4123 1236 4166 tot
1278 4118 1408 4167 mala
1454 4118 1534 4167 for
1570 4134 1653 4168 neo
1817 4119 1912 4168 451
1948 4122 2118 4183 offense
2139 4124 2236 4170 sevi
2259 4120 2322 4170 Β.

544 4182 663 4230 bona
696 4180 868 4230 Burm.

606 4246 704 4295 447
727 4245 951 4307 satorum
1018 4245 1143 4295 with
1194 4244 1398 4307 factor-a
1465 4247 1526 4308 ·f·
1592 4246 1647 4296 in
1813 4249 1913 4298 456
1947 4251 2199 4310 Dispectat
2266 4251 2443 4302 Barth.

539 4308 736 4373 margin
757 4308 822 4358 V.
888 4326 946 4359 ex
956 4310 1074 4371 fato
1098 4311 1156 4359 B.
1226 4311 1254 4360 I
1285 4311 1415 4361 have
1436 4312 1649 4375 adopted
1735 4312 2042 4375 frequentem
2076 4313 2137 4363 Β.

525 4372 780 4433 sactorum
832 4372 887 4422 in
936 4375 1023 4424 the
1067 4381 1193 4435 text,
1241 4391 1307 4425 on
1353 4375 1521 4425 which
1565 4391 1649 4427 see
1812 4378 1911 4428 456
1943 4380 2140 4440 Diriqit
2188 4378 2346 4430 VRB.
2447 4382 2648 4443 Derifit
2680 4382 2861 4433 Baehr.

542 4435 604 4486 E.
631 4435 681 4484 N
687 4472 720 4494 .,
759 4437 927 4487 where
969 4439 1056 4488 the
1093 4439 1309 4501 possible
1360 4440 1648 4505 conjecture

540 4501 748 4551 reddunt
769 4501 850 4551 for
870 4509 1091 4563 repetunt
1112 4503 1156 4553 is
1177 4504 1281 4554 also
1304 4503 1572 4557 discussed.

2728 3825 2858 3895 470

1819 3989 1919 4039 460
1952 3991 2359 4052 Bellorophonicis
2382 3991 2447 4042 R.
2516 3995 2860 4056 Bellerophon-

1814 4184 1913 4232 463
1959 4187 2295 4234 Volateranum
2315 4185 2380 4236 V.
2449 4190 2674 4237 rolaterr.
2701 4187 2764 4239 Β.

2593 4255 2866 4316 (Ianumque

1747 4449 1955 4493 movente
1975 4443 2040 4493 Β.
2113 4444 2204 4494 See
2228 4443 2287 4494 C.
2308 4444 2377 4496 N.
2403 4461 2469 4496 on
2491 4449 2605 4497 415.
