<?xml version="1.0" encoding="UTF-8"?>
<!DOCTYPE html PUBLIC "-//W3C//DTD XHTML 1.0 Transitional//EN"
    "http://www.w3.org/TR/xhtml1/DTD/xhtml1-transitional.dtd">
<html xmlns="http://www.w3.org/1999/xhtml" xml:lang="en" lang="en">
 <head>
  <title>
</title>
<meta http-equiv="Content-Type" content="text/html;charset=utf-8" />
  <meta name='ocr-system' content='tesseract 3.04.00' />
  <meta name='ocr-capabilities' content='ocr_page ocr_carea ocr_par ocr_line ocrx_word'/>
</head>
<body>
  <div class='ocr_page' id='page_1' title='image "./rutiliiclaudiin01keengoog_0174.png"; bbox 0 0 3207 5149; ppageno 0'>
   <div class='ocr_carea' id='block_1_1' title="bbox 449 553 569 617">
    <p class='ocr_par' dir='ltr' id='par_1_1' title="bbox 449 553 569 617">
     <span class='ocr_line' id='line_1_1' title="bbox 449 553 569 617; baseline 0 -1"><span class='ocrx_word' id='word_1_1' title='bbox 449 553 569 617; x_wconf 84' lang='grc'>156</span> 
     </span>
    </p>
   </div>
   <div class='ocr_carea' id='block_1_2' title="bbox 987 544 2224 616">
    <p class='ocr_par' dir='ltr' id='par_1_2' title="bbox 987 544 2224 616">
     <span class='ocr_line' id='line_1_2' title="bbox 987 544 2224 616; baseline -0.001 -5"><span class='ocrx_word' id='word_1_2' title='bbox 987 544 1314 613; x_wconf 83' lang='lat' dir='ltr'><strong>BVTILII</strong></span> <span class='ocrx_word' id='word_1_3' title='bbox 1357 551 1707 616; x_wconf 83' lang='lat' dir='ltr'>GLAVDII</span> <span class='ocrx_word' id='word_1_4' title='bbox 1748 547 2224 611; x_wconf 82' lang='lat' dir='ltr'>NAMATIANI</span> 
     </span>
    </p>
   </div>
   <div class='ocr_carea' id='block_1_3' title="bbox 706 729 2776 3103">
    <p class='ocr_par' dir='ltr' id='par_1_3' title="bbox 706 729 2776 3103">
     <span class='ocr_line' id='line_1_3' title="bbox 706 729 2294 816; baseline 0.001 -21"><span class='ocrx_word' id='word_1_5' title='bbox 706 731 888 796; x_wconf 83' lang='lat' dir='ltr'><strong>Ante</strong></span> <span class='ocrx_word' id='word_1_6' title='bbox 923 729 1055 806; x_wconf 86' lang='lat' dir='ltr'><strong>diu,</strong></span> <span class='ocrx_word' id='word_1_7' title='bbox 1084 750 1280 813; x_wconf 89' lang='lat' dir='ltr'><strong>quam</strong></span> <span class='ocrx_word' id='word_1_8' title='bbox 1309 731 1704 816; x_wconf 78' lang='lat' dir='ltr'>Troiugenas</span> <span class='ocrx_word' id='word_1_9' title='bbox 1732 731 1997 796; x_wconf 83' lang='lat' dir='ltr'><strong>fortuna</strong></span> <span class='ocrx_word' id='word_1_10' title='bbox 2023 739 2294 815; x_wconf 90' lang='lat' dir='ltr'><strong>penates</strong></span> 
     </span>
     <span class='ocr_line' id='line_1_4' title="bbox 793 849 1992 936; baseline 0.003 -23"><span class='ocrx_word' id='word_1_11' title='bbox 793 849 1342 915; x_wconf 88' lang='lat' dir='ltr'><strong>Laurentinorum</strong></span> <span class='ocrx_word' id='word_1_12' title='bbox 1371 851 1631 936; x_wconf 91' lang='lat' dir='ltr'><strong>regibus</strong></span> <span class='ocrx_word' id='word_1_13' title='bbox 1661 851 1992 928; x_wconf 88' lang='lat' dir='ltr'><strong>insereret,</strong></span> 
     </span>
     <span class='ocr_line' id='line_1_5' title="bbox 706 969 2080 1055; baseline -0.001 -19"><span class='ocrx_word' id='word_1_14' title='bbox 706 969 899 1036; x_wconf 80' lang='lat' dir='ltr'>Elide</span> <span class='ocrx_word' id='word_1_15' title='bbox 928 969 1239 1035; x_wconf 92' lang='lat' dir='ltr'><strong>deductas</strong></span> <span class='ocrx_word' id='word_1_16' title='bbox 1269 971 1554 1055; x_wconf 74' lang='lat' dir='ltr'><strong>suscepit</strong></span> <span class='ocrx_word' id='word_1_17' title='bbox 1580 971 1851 1036; x_wconf 89' lang='lat' dir='ltr'><strong>Etruria</strong></span> <span class='ocrx_word' id='word_1_18' title='bbox 1880 972 2080 1048; x_wconf 90' lang='lat' dir='ltr'><strong>Pisas,</strong></span> 
     </span>
     <span class='ocr_line' id='line_1_6' title="bbox 794 1085 1995 1176; baseline 0.001 -21"><span class='ocrx_word' id='word_1_19' title='bbox 794 1090 1097 1155; x_wconf 80' lang='lat' dir='ltr'>Nominis</span> <span class='ocrx_word' id='word_1_20' title='bbox 1126 1090 1365 1155; x_wconf 92' lang='lat' dir='ltr'><strong>indicio</strong></span> <span class='ocrx_word' id='word_1_21' title='bbox 1395 1085 1752 1156; x_wconf 87' lang='lat' dir='ltr'><strong>testificata</strong></span> <span class='ocrx_word' id='word_1_22' title='bbox 1771 1112 1995 1176; x_wconf 89' lang='lat' dir='ltr'><strong>genus.</strong></span> 
     </span>
     <span class='ocr_line' id='line_1_7' title="bbox 706 1209 2764 1296; baseline 0 -22"><span class='ocrx_word' id='word_1_23' title='bbox 706 1209 839 1274; x_wconf 89' lang='lat' dir='ltr'><strong>Hic</strong></span> <span class='ocrx_word' id='word_1_24' title='bbox 867 1209 1086 1275; x_wconf 93' lang='lat' dir='ltr'><strong>oblata</strong></span> <span class='ocrx_word' id='word_1_25' title='bbox 1116 1210 1279 1274; x_wconf 93' lang='lat' dir='ltr'><strong>mihi</strong></span> <span class='ocrx_word' id='word_1_26' title='bbox 1308 1210 1519 1275; x_wconf 88' lang='lat' dir='ltr'><strong>sancti</strong></span> <span class='ocrx_word' id='word_1_27' title='bbox 1546 1210 1860 1295; x_wconf 78' lang='lat' dir='ltr'>genitoris</span> <span class='ocrx_word' id='word_1_28' title='bbox 1889 1212 2118 1296; x_wconf 92' lang='lat' dir='ltr'><strong>imag0,</strong></span> <span class='ocrx_word' id='word_1_29' title='bbox 2638 1209 2764 1279; x_wconf 84' lang='lat'><strong>575</strong></span> 
     </span>
     <span class='ocr_line' id='line_1_8' title="bbox 795 1330 2011 1415; baseline 0.001 -21"><span class='ocrx_word' id='word_1_30' title='bbox 795 1330 1016 1394; x_wconf 89' lang='lat' dir='ltr'><strong>Pisani</strong></span> <span class='ocrx_word' id='word_1_31' title='bbox 1043 1331 1303 1414; x_wconf 90' lang='lat' dir='ltr'><strong>proprio</strong></span> <span class='ocrx_word' id='word_1_32' title='bbox 1333 1351 1528 1414; x_wconf 91' lang='lat' dir='ltr'><strong>quam</strong></span> <span class='ocrx_word' id='word_1_33' title='bbox 1557 1351 1828 1415; x_wconf 88' lang='lat' dir='ltr'><strong>posuere</strong></span> <span class='ocrx_word' id='word_1_34' title='bbox 1857 1331 2011 1395; x_wconf 81' lang='lat' dir='ltr'><strong>for0.</strong></span> 
     </span>
     <span class='ocr_line' id='line_1_9' title="bbox 709 1449 2216 1535; baseline 0.001 -21"><span class='ocrx_word' id='word_1_35' title='bbox 709 1449 1040 1514; x_wconf 84' lang='lat' dir='ltr'><strong>Laudibus</strong></span> <span class='ocrx_word' id='word_1_36' title='bbox 1069 1450 1291 1514; x_wconf 92' lang='lat' dir='ltr'><strong>amissi</strong></span> <span class='ocrx_word' id='word_1_37' title='bbox 1311 1471 1502 1535; x_wconf 92' lang='lat' dir='ltr'><strong>cogor</strong></span> <span class='ocrx_word' id='word_1_38' title='bbox 1522 1450 1861 1516; x_wconf 80' lang='lat' dir='ltr'>lacrimare</span> <span class='ocrx_word' id='word_1_39' title='bbox 1891 1453 2216 1534; x_wconf 84' lang='lat' dir='ltr'><strong>parentis:</strong></span> 
     </span>
     <span class='ocr_line' id='line_1_10' title="bbox 796 1570 2238 1657; baseline 0.003 -23"><span class='ocrx_word' id='word_1_40' title='bbox 796 1570 1165 1635; x_wconf 86' lang='lat' dir='ltr'><strong>Fluxerunt</strong></span> <span class='ocrx_word' id='word_1_41' title='bbox 1192 1570 1469 1637; x_wconf 89' lang='lat' dir='ltr'><strong>madidis</strong></span> <span class='ocrx_word' id='word_1_42' title='bbox 1498 1571 1734 1656; x_wconf 89' lang='lat' dir='ltr'><strong>gaudia</strong></span> <span class='ocrx_word' id='word_1_43' title='bbox 1762 1581 2011 1636; x_wconf 89' lang='lat' dir='ltr'><strong>maesta</strong></span> <span class='ocrx_word' id='word_1_44' title='bbox 2039 1573 2238 1657; x_wconf 88' lang='lat' dir='ltr'><strong>genis.</strong></span> 
     </span>
     <span class='ocr_line' id='line_1_11' title="bbox 711 1697 2506 1784; baseline 0.002 -22"><span class='ocrx_word' id='word_1_45' title='bbox 711 1697 1014 1781; x_wconf 85' lang='lat' dir='ltr'><strong>Namque</strong></span> <span class='ocrx_word' id='word_1_46' title='bbox 1042 1705 1232 1783; x_wconf 89' lang='lat' dir='ltr'><strong>pater</strong></span> <span class='ocrx_word' id='word_1_47' title='bbox 1261 1699 1588 1782; x_wconf 91' lang='lat' dir='ltr'><strong>quondam</strong></span> <span class='ocrx_word' id='word_1_48' title='bbox 1618 1700 1971 1784; x_wconf 76' lang='lat' dir='ltr'><strong>Tyn-benis</strong></span> <span class='ocrx_word' id='word_1_49' title='bbox 1999 1702 2285 1784; x_wconf 80' lang='lat' dir='ltr'><strong>praefuit</strong></span> <span class='ocrx_word' id='word_1_50' title='bbox 2313 1702 2506 1776; x_wconf 89' lang='lat' dir='ltr'><strong>arvis,</strong></span> 
     </span>
     <span class='ocr_line' id='line_1_12' title="bbox 802 1818 2769 1885; baseline 0.002 -4"><span class='ocrx_word' id='word_1_51' title='bbox 802 1818 1111 1883; x_wconf 84' lang='lat' dir='ltr'><strong>Fascibus</strong></span> <span class='ocrx_word' id='word_1_52' title='bbox 1140 1824 1209 1884; x_wconf 89' lang='lat' dir='ltr'><strong>et</strong></span> <span class='ocrx_word' id='word_1_53' title='bbox 1238 1819 1412 1884; x_wconf 94' lang='lat' dir='ltr'><strong>senis</strong></span> <span class='ocrx_word' id='word_1_54' title='bbox 1441 1820 1688 1885; x_wconf 89' lang='lat' dir='ltr'><strong>credita</strong></span> <span class='ocrx_word' id='word_1_55' title='bbox 1717 1820 1861 1884; x_wconf 89' lang='lat' dir='ltr'><strong>iura</strong></span> <span class='ocrx_word' id='word_1_56' title='bbox 1892 1819 2087 1885; x_wconf 90' lang='lat' dir='ltr'><strong>dedit.</strong></span> <span class='ocrx_word' id='word_1_57' title='bbox 2642 1821 2769 1885; x_wconf 89' lang='grc'><strong>580</strong></span> 
     </span>
     <span class='ocr_line' id='line_1_13' title="bbox 714 1937 2281 2017; baseline 0.003 -15"><span class='ocrx_word' id='word_1_58' title='bbox 714 1937 1060 2016; x_wconf 74' lang='lat' dir='ltr'><strong>Narrabat,</strong></span> <span class='ocrx_word' id='word_1_59' title='bbox 1090 1940 1375 2017; x_wconf 82' lang='lat' dir='ltr'><strong>memini,</strong></span> <span class='ocrx_word' id='word_1_60' title='bbox 1405 1939 1651 2005; x_wconf 91' lang='lat' dir='ltr'><strong>multos</strong></span> <span class='ocrx_word' id='word_1_61' title='bbox 1680 1960 1979 2006; x_wconf 92' lang='lat' dir='ltr'><strong>emensus</strong></span> <span class='ocrx_word' id='word_1_62' title='bbox 2008 1942 2281 2007; x_wconf 91' lang='lat' dir='ltr'><strong>honores</strong></span> 
     </span>
     <span class='ocr_line' id='line_1_14' title="bbox 802 2058 2199 2144; baseline 0.002 -23"><span class='ocrx_word' id='word_1_63' title='bbox 802 2058 1156 2123; x_wconf 81' lang='lat' dir='ltr'><strong>Tuscorum</strong></span> <span class='ocrx_word' id='word_1_64' title='bbox 1185 2059 1474 2144; x_wconf 89' lang='lat' dir='ltr'><strong>regimen</strong></span> <span class='ocrx_word' id='word_1_65' title='bbox 1504 2060 1655 2143; x_wconf 91' lang='lat' dir='ltr'><strong>plus</strong></span> <span class='ocrx_word' id='word_1_66' title='bbox 1684 2059 2004 2143; x_wconf 83' lang='lat' dir='ltr'><strong>placuisse</strong></span> <span class='ocrx_word' id='word_1_67' title='bbox 2038 2060 2199 2124; x_wconf 89' lang='lat' dir='ltr'><strong>sibi:</strong></span> 
     </span>
     <span class='ocr_line' id='line_1_15' title="bbox 716 2175 2714 2264; baseline 0 -22"><span class='ocrx_word' id='word_1_68' title='bbox 716 2175 892 2242; x_wconf 83' lang='lat' dir='ltr'><strong>Nam</strong></span> <span class='ocrx_word' id='word_1_69' title='bbox 921 2197 1132 2261; x_wconf 93' lang='lat' dir='ltr'><strong>neque</strong></span> <span class='ocrx_word' id='word_1_70' title='bbox 1162 2198 1358 2261; x_wconf 95' lang='lat' dir='ltr'><strong>opum</strong></span> <span class='ocrx_word' id='word_1_71' title='bbox 1387 2198 1628 2256; x_wconf 91' lang='lat' dir='ltr'><strong>curam,</strong></span> <span class='ocrx_word' id='word_1_72' title='bbox 1658 2179 1957 2262; x_wconf 89' lang='lat' dir='ltr'><strong>quamvis</strong></span> <span class='ocrx_word' id='word_1_73' title='bbox 1987 2180 2075 2244; x_wconf 91' lang='lat' dir='ltr'><strong>sit</strong></span> <span class='ocrx_word' id='word_1_74' title='bbox 2104 2199 2355 2264; x_wconf 89' lang='lat' dir='ltr'><strong>magna,</strong></span> <span class='ocrx_word' id='word_1_75' title='bbox 2384 2199 2714 2245; x_wconf 88' lang='lat' dir='ltr'><strong>sacrarum</strong></span> 
     </span>
     <span class='ocr_line' id='line_1_16' title="bbox 803 2296 2208 2383; baseline 0.002 -23"><span class='ocrx_word' id='word_1_76' title='bbox 803 2296 943 2361; x_wconf 82' lang='lat' dir='ltr'><strong>Nec</strong></span> <span class='ocrx_word' id='word_1_77' title='bbox 973 2296 1076 2361; x_wconf 91' lang='lat' dir='ltr'><strong>ius</strong></span> <span class='ocrx_word' id='word_1_78' title='bbox 1105 2304 1492 2380; x_wconf 89' lang='lat' dir='ltr'><strong>quaesturae</strong></span> <span class='ocrx_word' id='word_1_79' title='bbox 1520 2306 1707 2383; x_wconf 85' lang='lat' dir='ltr'><strong>grata</strong></span> <span class='ocrx_word' id='word_1_80' title='bbox 1736 2299 1936 2363; x_wconf 86' lang='lat' dir='ltr'><strong>fuisse</strong></span> <span class='ocrx_word' id='word_1_81' title='bbox 1965 2299 2208 2383; x_wconf 91' lang='lat' dir='ltr'><strong>magis:</strong></span> 
     </span>
     <span class='ocr_line' id='line_1_17' title="bbox 720 2413 2773 2503; baseline 0.001 -23"><span class='ocrx_word' id='word_1_82' title='bbox 720 2413 962 2500; x_wconf 88' lang='lat' dir='ltr'><strong>Ipsam,</strong></span> <span class='ocrx_word' id='word_1_83' title='bbox 991 2417 1049 2481; x_wconf 93' lang='lat' dir='ltr'><strong>si</strong></span> <span class='ocrx_word' id='word_1_84' title='bbox 1078 2417 1177 2482; x_wconf 81' lang='lat' dir='ltr'><strong>fas</strong></span> <span class='ocrx_word' id='word_1_85' title='bbox 1206 2424 1325 2495; x_wconf 89' lang='lat' dir='ltr'><strong>est,</strong></span> <span class='ocrx_word' id='word_1_86' title='bbox 1353 2425 1742 2503; x_wconf 77' lang='lat' dir='ltr'><strong>postponere</strong></span> <span class='ocrx_word' id='word_1_87' title='bbox 1771 2419 2247 2502; x_wconf 83' lang='lat' dir='ltr'><strong>praefecturam</strong></span> <span class='ocrx_word' id='word_1_88' title='bbox 2648 2418 2773 2482; x_wconf 87' lang='lat'><strong>585</strong></span> 
     </span>
     <span class='ocr_line' id='line_1_18' title="bbox 805 2536 2207 2605; baseline 0.004 -5"><span class='ocrx_word' id='word_1_89' title='bbox 805 2536 1078 2601; x_wconf 89' lang='lat' dir='ltr'><strong>Pronior</strong></span> <span class='ocrx_word' id='word_1_90' title='bbox 1107 2538 1178 2601; x_wconf 93' lang='lat' dir='ltr'><strong>in</strong></span> <span class='ocrx_word' id='word_1_91' title='bbox 1207 2538 1445 2605; x_wconf 86' lang='lat' dir='ltr'><strong>Tuscos</strong></span> <span class='ocrx_word' id='word_1_92' title='bbox 1475 2560 1608 2604; x_wconf 93' lang='lat' dir='ltr'><strong>non</strong></span> <span class='ocrx_word' id='word_1_93' title='bbox 1640 2538 1984 2605; x_wconf 89' lang='lat' dir='ltr'><strong>dubitabat</strong></span> <span class='ocrx_word' id='word_1_94' title='bbox 2013 2560 2207 2605; x_wconf 89' lang='lat' dir='ltr'><strong>amor.</strong></span> 
     </span>
     <span class='ocr_line' id='line_1_19' title="bbox 718 2654 2266 2744; baseline 0.002 -23"><span class='ocrx_word' id='word_1_95' title='bbox 718 2654 859 2721; x_wconf 81' lang='lat' dir='ltr'><strong>Nec</strong></span> <span class='ocrx_word' id='word_1_96' title='bbox 888 2656 1258 2736; x_wconf 85' lang='lat' dir='ltr'><strong>fallebatur,</strong></span> <span class='ocrx_word' id='word_1_97' title='bbox 1289 2665 1427 2724; x_wconf 89' lang='lat' dir='ltr'><strong>tam</strong></span> <span class='ocrx_word' id='word_1_98' title='bbox 1455 2680 1643 2724; x_wconf 85' lang='lat' dir='ltr'><strong>carus</strong></span> <span class='ocrx_word' id='word_1_99' title='bbox 1674 2666 1742 2725; x_wconf 92' lang='lat' dir='ltr'><strong>et</strong></span> <span class='ocrx_word' id='word_1_100' title='bbox 1772 2661 1910 2744; x_wconf 93' lang='lat' dir='ltr'><strong>ipse</strong></span> <span class='ocrx_word' id='word_1_101' title='bbox 1939 2661 2266 2744; x_wconf 91' lang='lat' dir='ltr'><strong>probatis:</strong></span> 
     </span>
     <span class='ocr_line' id='line_1_20' title="bbox 806 2775 2062 2864; baseline 0.004 -24"><span class='ocrx_word' id='word_1_102' title='bbox 806 2775 1131 2843; x_wconf 88' lang='lat' dir='ltr'><strong>Aeternas</strong></span> <span class='ocrx_word' id='word_1_103' title='bbox 1157 2786 1375 2864; x_wconf 87' lang='lat' dir='ltr'><strong>grates</strong></span> <span class='ocrx_word' id='word_1_104' title='bbox 1403 2786 1636 2845; x_wconf 88' lang='lat' dir='ltr'><strong>mutua</strong></span> <span class='ocrx_word' id='word_1_105' title='bbox 1664 2800 1820 2846; x_wconf 91' lang='lat' dir='ltr'><strong>cura</strong></span> <span class='ocrx_word' id='word_1_106' title='bbox 1849 2782 2062 2857; x_wconf 84' lang='lat' dir='ltr'><strong>canit3</strong></span> 
     </span>
     <span class='ocr_line' id='line_1_21' title="bbox 721 2894 2335 2984; baseline 0.002 -23"><span class='ocrx_word' id='word_1_107' title='bbox 721 2894 1276 2982; x_wconf 80' lang='lat' dir='ltr'><strong>Constantemque</strong></span> <span class='ocrx_word' id='word_1_108' title='bbox 1305 2898 1430 2964; x_wconf 90' lang='lat' dir='ltr'><strong>sibi</strong></span> <span class='ocrx_word' id='word_1_109' title='bbox 1457 2900 1706 2984; x_wconf 89' lang='lat' dir='ltr'><strong>pariter</strong></span> <span class='ocrx_word' id='word_1_110' title='bbox 1732 2901 2088 2983; x_wconf 91' lang='lat' dir='ltr'><strong>mitemque</strong></span> <span class='ocrx_word' id='word_1_111' title='bbox 2118 2900 2335 2976; x_wconf 82' lang='lat' dir='ltr'><strong>fuisse,</strong></span> 
     </span>
     <span class='ocr_line' id='line_1_22' title="bbox 806 3013 2776 3103; baseline 0.002 -23"><span class='ocrx_word' id='word_1_112' title='bbox 806 3013 1164 3084; x_wconf 88' lang='lat' dir='ltr'><strong>Insinuant</strong></span> <span class='ocrx_word' id='word_1_113' title='bbox 1192 3020 1366 3084; x_wconf 90' lang='lat' dir='ltr'><strong>natis</strong></span> <span class='ocrx_word' id='word_1_114' title='bbox 1395 3020 1510 3103; x_wconf 89' lang='lat' dir='ltr'><strong>qui</strong></span> <span class='ocrx_word' id='word_1_115' title='bbox 1531 3020 1884 3085; x_wconf 89' lang='lat' dir='ltr'><strong>meminere</strong></span> <span class='ocrx_word' id='word_1_116' title='bbox 1914 3040 2114 3085; x_wconf 90' lang='lat' dir='ltr'><strong>senes.</strong></span> <span class='ocrx_word' id='word_1_117' title='bbox 2650 3019 2776 3084; x_wconf 85' lang='lat'><strong>590</strong></span> 
     </span>
    </p>
   </div>
   <div class='ocr_carea' id='block_1_4' title="bbox 720 3131 2357 3336">
    <p class='ocr_par' dir='ltr' id='par_1_4' title="bbox 720 3131 2357 3336">
     <span class='ocr_line' id='line_1_23' title="bbox 720 3131 2357 3221; baseline 0.002 -24"><span class='ocrx_word' id='word_1_118' title='bbox 720 3131 958 3217; x_wconf 91' lang='lat' dir='ltr'><strong>Ipsum</strong></span> <span class='ocrx_word' id='word_1_119' title='bbox 986 3155 1091 3199; x_wconf 92' lang='lat' dir='ltr'><strong>me</strong></span> <span class='ocrx_word' id='word_1_120' title='bbox 1119 3136 1425 3220; x_wconf 84' lang='lat' dir='ltr'><strong>gradibus</strong></span> <span class='ocrx_word' id='word_1_121' title='bbox 1455 3157 1587 3201; x_wconf 93' lang='lat' dir='ltr'><strong>non</strong></span> <span class='ocrx_word' id='word_1_122' title='bbox 1619 3136 2036 3221; x_wconf 87' lang='lat' dir='ltr'><strong>degenerasse</strong></span> <span class='ocrx_word' id='word_1_123' title='bbox 2065 3136 2357 3220; x_wconf 91' lang='lat' dir='ltr'><strong>parentis</strong></span> 
     </span>
     <span class='ocr_line' id='line_1_24' title="bbox 812 3249 2150 3336; baseline 0.002 -22"><span class='ocrx_word' id='word_1_124' title='bbox 812 3249 1135 3329; x_wconf 83' lang='lat' dir='ltr'><strong>Gaudent,</strong></span> <span class='ocrx_word' id='word_1_125' title='bbox 1166 3259 1235 3316; x_wconf 95' lang='lat' dir='ltr'><strong>et</strong></span> <span class='ocrx_word' id='word_1_126' title='bbox 1264 3251 1508 3336; x_wconf 91' lang='lat' dir='ltr'><strong>duplici</strong></span> <span class='ocrx_word' id='word_1_127' title='bbox 1537 3253 1887 3318; x_wconf 86' lang='lat' dir='ltr'><strong>sedulitate</strong></span> <span class='ocrx_word' id='word_1_128' title='bbox 1909 3253 2150 3317; x_wconf 84' lang='lat' dir='ltr'><strong>fovent.</strong></span> 
     </span>
    </p>
   </div>
   <div class='ocr_carea' id='block_1_5' title="bbox 728 3453 2363 3546">
    <p class='ocr_par' dir='ltr' id='par_1_5' title="bbox 728 3453 2363 3546">
     <span class='ocr_line' id='line_1_25' title="bbox 728 3453 2363 3546; baseline 0.001 -25"><span class='ocrx_word' id='word_1_129' title='bbox 728 3453 913 3522; x_wconf 86' lang='lat' dir='ltr'><strong>Haec</strong></span> <span class='ocrx_word' id='word_1_130' title='bbox 941 3459 1184 3537; x_wconf 92' lang='lat' dir='ltr'><strong>eadem,</strong></span> <span class='ocrx_word' id='word_1_131' title='bbox 1213 3481 1362 3525; x_wconf 90' lang='lat' dir='ltr'><strong>cum</strong></span> <span class='ocrx_word' id='word_1_132' title='bbox 1392 3461 1754 3526; x_wconf 87' lang='lat' dir='ltr'><strong>Flaminiae</strong></span> <span class='ocrx_word' id='word_1_133' title='bbox 1784 3460 2153 3546; x_wconf 91' lang='lat' dir='ltr'><strong>regionibus</strong></span> <span class='ocrx_word' id='word_1_134' title='bbox 2181 3460 2363 3536; x_wconf 92' lang='lat' dir='ltr'><strong>irem,</strong></span> 
     </span>
    </p>
   </div>
   <div class='ocr_carea' id='block_1_6' title="bbox 725 3582 2782 3773">
    <p class='ocr_par' dir='ltr' id='par_1_6' title="bbox 725 3582 2782 3773">
     <span class='ocr_line' id='line_1_26' title="bbox 842 3582 2171 3667; baseline -0.005 -17"><span class='ocrx_word' id='word_1_135' title='bbox 842 3582 1215 3667; x_wconf 87' lang='lat' dir='ltr'><strong>Splendoris</strong></span> <span class='ocrx_word' id='word_1_136' title='bbox 1244 3583 1444 3666; x_wconf 91' lang='lat' dir='ltr'><strong>patrii</strong></span> <span class='ocrx_word' id='word_1_137' title='bbox 1472 3603 1663 3667; x_wconf 91' lang='lat' dir='ltr'><strong>saepe</strong></span> <span class='ocrx_word' id='word_1_138' title='bbox 1693 3589 1950 3666; x_wconf 89' lang='lat' dir='ltr'><strong>reperta</strong></span> <span class='ocrx_word' id='word_1_139' title='bbox 1979 3583 2171 3647; x_wconf 88' lang='lat' dir='ltr'><strong>fides:</strong></span> 
     </span>
     <span class='ocr_line' id='line_1_27' title="bbox 725 3701 2782 3773; baseline -0.004 0"><span class='ocrx_word' id='word_1_140' title='bbox 725 3708 995 3773; x_wconf 86' lang='lat' dir='ltr'><strong>Famam</strong></span> <span class='ocrx_word' id='word_1_141' title='bbox 1024 3704 1334 3768; x_wconf 76' lang='lat' dir='ltr'><strong>Lachanii</strong></span> <span class='ocrx_word' id='word_1_142' title='bbox 1363 3709 1711 3767; x_wconf 88' lang='lat' dir='ltr'><strong>veneratur</strong></span> <span class='ocrx_word' id='word_1_143' title='bbox 1740 3702 2027 3766; x_wconf 91' lang='lat' dir='ltr'><strong>numinis</strong></span> <span class='ocrx_word' id='word_1_144' title='bbox 2066 3702 2277 3765; x_wconf 87' lang='lat' dir='ltr'><strong>instar</strong></span> <span class='ocrx_word' id='word_1_145' title='bbox 2657 3701 2782 3766; x_wconf 85' lang='lat'><strong>595</strong></span> 
     </span>
    </p>
   </div>
   <div class='ocr_carea' id='block_1_7' title="bbox 811 3823 1983 3909">
    <p class='ocr_par' dir='ltr' id='par_1_7' title="bbox 811 3823 1983 3909">
     <span class='ocr_line' id='line_1_28' title="bbox 811 3823 1983 3909; baseline -0.004 -16"><span class='ocrx_word' id='word_1_146' title='bbox 811 3828 1000 3893; x_wconf 89' lang='lat' dir='ltr'><strong>Inter</strong></span> <span class='ocrx_word' id='word_1_147' title='bbox 1028 3824 1382 3909; x_wconf 88' lang='lat' dir='ltr'><strong>terrigenas</strong></span> <span class='ocrx_word' id='word_1_148' title='bbox 1409 3823 1618 3907; x_wconf 82' lang='lat' dir='ltr'><strong>Lydia</strong></span> <span class='ocrx_word' id='word_1_149' title='bbox 1645 3829 1786 3888; x_wconf 87' lang='lat' dir='ltr'><strong>tota</strong></span> <span class='ocrx_word' id='word_1_150' title='bbox 1814 3842 1983 3888; x_wconf 89' lang='lat' dir='ltr'><strong>suos.</strong></span> 
     </span>
    </p>
   </div>
   <div class='ocr_carea' id='block_1_8' title="bbox 536 4011 2786 4083">
    <p class='ocr_par' dir='ltr' id='par_1_8' title="bbox 536 4011 2786 4083">
     <span class='ocr_line' id='line_1_29' title="bbox 536 4011 2786 4083; baseline -0.006 -8"><span class='ocrx_word' id='word_1_151' title='bbox 536 4023 632 4076; x_wconf 88' lang='grc'><strong>571</strong></span> <span class='ocrx_word' id='word_1_152' title='bbox 668 4019 927 4080; x_wconf 74' lang='lat' dir='ltr'><strong>Schrader,</strong></span> <span class='ocrx_word' id='word_1_153' title='bbox 972 4015 1229 4083; x_wconf 76' lang='lat' dir='ltr'><strong>objecting</strong></span> <span class='ocrx_word' id='word_1_154' title='bbox 1269 4022 1324 4067; x_wconf 81' lang='lat' dir='ltr'><strong>to</strong></span> <span class='ocrx_word' id='word_1_155' title='bbox 1365 4017 1454 4067; x_wconf 83' lang='lat' dir='ltr'><strong>the</strong></span> <span class='ocrx_word' id='word_1_156' title='bbox 1485 4031 1575 4067; x_wconf 86' lang='lat' dir='ltr'><strong>ex·</strong></span> <span class='ocrx_word' id='word_1_157' title='bbox 1745 4016 1973 4067; x_wconf 74' lang='grc'>575-578</span> <span class='ocrx_word' id='word_1_158' title='bbox 2038 4014 2248 4066; x_wconf 85' lang='lat' dir='ltr'><strong>omitted</strong></span> <span class='ocrx_word' id='word_1_159' title='bbox 2309 4013 2367 4064; x_wconf 84' lang='lat' dir='ltr'><strong>in</strong></span> <span class='ocrx_word' id='word_1_160' title='bbox 2420 4013 2482 4074; x_wconf 88' lang='lat' dir='ltr'><strong>B,</strong></span> <span class='ocrx_word' id='word_1_161' title='bbox 2540 4011 2786 4077; x_wconf 85' lang='lat' dir='ltr'><strong>probably</strong></span> 
     </span>
    </p>
   </div>
   <div class='ocr_carea' id='block_1_9' title="bbox 467 4077 2785 4155">
    <p class='ocr_par' dir='ltr' id='par_1_9' title="bbox 467 4077 2785 4155">
     <span class='ocr_line' id='line_1_30' title="bbox 467 4077 2785 4155; baseline -0.006 -14"><span class='ocrx_word' id='word_1_162' title='bbox 467 4088 694 4155; x_wconf 78' lang='lat' dir='ltr'><strong>preesion</strong></span> <span class='ocrx_word' id='word_1_163' title='bbox 720 4093 920 4148; x_wconf 70' lang='lat' dir='ltr'><strong>penates</strong></span> <span class='ocrx_word' id='word_1_164' title='bbox 951 4083 1142 4147; x_wconf 61' lang='lat' dir='ltr'><strong>regibus</strong></span> <span class='ocrx_word' id='word_1_165' title='bbox 1162 4085 1411 4144; x_wconf 68' lang='lat' dir='ltr'><strong>insereret,</strong></span> <span class='ocrx_word' id='word_1_166' title='bbox 1433 4083 1579 4132; x_wconf 84' lang='lat' dir='ltr'><strong>reads</strong></span> <span class='ocrx_word' id='word_1_167' title='bbox 1677 4081 1896 4142; x_wconf 72' lang='lat' dir='ltr'><strong>through</strong></span> <span class='ocrx_word' id='word_1_168' title='bbox 1930 4097 1997 4131; x_wconf 88' lang='lat' dir='ltr'><strong>an</strong></span> <span class='ocrx_word' id='word_1_169' title='bbox 2040 4095 2175 4130; x_wconf 89' lang='lat' dir='ltr'><strong>error</strong></span> <span class='ocrx_word' id='word_1_170' title='bbox 2210 4079 2392 4129; x_wconf 85' lang='lat' dir='ltr'><strong>caused</strong></span> <span class='ocrx_word' id='word_1_171' title='bbox 2427 4078 2499 4144; x_wconf 88' lang='lat' dir='ltr'><strong>by</strong></span> <span class='ocrx_word' id='word_1_172' title='bbox 2536 4077 2625 4129; x_wconf 83' lang='lat' dir='ltr'><strong>the</strong></span> <span class='ocrx_word' id='word_1_173' title='bbox 2654 4078 2785 4129; x_wconf 80' lang='lat' dir='ltr'><strong>close</strong></span> 
     </span>
    </p>
   </div>
   <div class='ocr_carea' id='block_1_10' title="bbox 565 4141 2788 4213">
    <p class='ocr_par' dir='ltr' id='par_1_10' title="bbox 565 4141 2788 4213">
     <span class='ocr_line' id='line_1_31' title="bbox 565 4141 2788 4213; baseline -0.005 -10"><span class='ocrx_word' id='word_1_174' title='bbox 565 4160 664 4204; x_wconf 67' lang='lat' dir='ltr'><strong>otas</strong></span> <span class='ocrx_word' id='word_1_175' title='bbox 704 4151 788 4202; x_wconf 79' lang='lat' dir='ltr'><strong>for</strong></span> <span class='ocrx_word' id='word_1_176' title='bbox 832 4156 1033 4213; x_wconf 63' lang='lat' dir='ltr'><strong>penates</strong></span> <span class='ocrx_word' id='word_1_177' title='bbox 1083 4148 1140 4199; x_wconf 89' lang='lat' dir='ltr'><strong>in</strong></span> <span class='ocrx_word' id='word_1_178' title='bbox 1192 4147 1295 4198; x_wconf 72' lang='lat' dir='ltr'><strong>this</strong></span> <span class='ocrx_word' id='word_1_179' title='bbox 1338 4146 1473 4208; x_wconf 86' lang='lat' dir='ltr'><strong>line;</strong></span> <span class='ocrx_word' id='word_1_180' title='bbox 1522 4162 1577 4197; x_wconf 81' lang='lat' dir='ltr'><strong>as</strong></span> <span class='ocrx_word' id='word_1_181' title='bbox 1676 4146 2011 4196; x_wconf 83' lang='lat' dir='ltr'><strong>resemblance</strong></span> <span class='ocrx_word' id='word_1_182' title='bbox 2032 4144 2088 4195; x_wconf 78' lang='lat' dir='ltr'><strong>of</strong></span> <span class='ocrx_word' id='word_1_183' title='bbox 2104 4160 2255 4207; x_wconf 60' lang='lat' dir='ltr'><strong>oenus</strong></span> <span class='ocrx_word' id='word_1_184' title='bbox 2275 4145 2373 4194; x_wconf 86' lang='lat' dir='ltr'><strong>and</strong></span> <span class='ocrx_word' id='word_1_185' title='bbox 2401 4145 2556 4207; x_wconf 69' lang='lat' dir='ltr'><strong>yonis,</strong></span> <span class='ocrx_word' id='word_1_186' title='bbox 2581 4144 2668 4194; x_wconf 90' lang='lat' dir='ltr'><strong>the</strong></span> <span class='ocrx_word' id='word_1_187' title='bbox 2687 4141 2788 4192; x_wconf 80' lang='lat' dir='ltr'><strong>last</strong></span> 
     </span>
    </p>
   </div>
   <div class='ocr_carea' id='block_1_11' title="bbox 468 4170 2785 4277">
    <p class='ocr_par' dir='ltr' id='par_1_11' title="bbox 468 4170 2785 4277">
     <span class='ocr_line' id='line_1_32' title="bbox 468 4170 2785 4277; baseline -0.007 -5"><span class='ocrx_word' id='word_1_188' title='bbox 468 4170 680 4271; x_wconf 50' lang='lat' dir='ltr'><strong>ffother</strong></span> <span class='ocrx_word' id='word_1_189' title='bbox 699 4215 918 4267; x_wconf 75' lang='lat' dir='ltr'><strong>solution</strong></span> <span class='ocrx_word' id='word_1_190' title='bbox 932 4214 989 4265; x_wconf 78' lang='lat' dir='ltr'><strong>of</strong></span> <span class='ocrx_word' id='word_1_191' title='bbox 1007 4213 1095 4264; x_wconf 85' lang='lat' dir='ltr'><strong>the</strong></span> <span class='ocrx_word' id='word_1_192' title='bbox 1110 4212 1375 4277; x_wconf 82' lang='lat' dir='ltr'><strong>difficulty,</strong></span> <span class='ocrx_word' id='word_1_193' title='bbox 1392 4212 1577 4277; x_wconf 85' lang='lat' dir='ltr'><strong>Zumpt</strong></span> <span class='ocrx_word' id='word_1_194' title='bbox 1676 4212 1838 4262; x_wconf 81' lang='lat' dir='ltr'><strong>words</strong></span> <span class='ocrx_word' id='word_1_195' title='bbox 1867 4208 2198 4275; x_wconf 79' lang='lat' dir='ltr'><strong>respectively</strong></span> <span class='ocrx_word' id='word_1_196' title='bbox 2219 4209 2276 4260; x_wconf 80' lang='lat' dir='ltr'><strong>of</strong></span> <span class='ocrx_word' id='word_1_197' title='bbox 2305 4209 2410 4259; x_wconf 89' lang='lat' dir='ltr'><strong>line</strong></span> <span class='ocrx_word' id='word_1_198' title='bbox 2431 4209 2527 4261; x_wconf 79' lang='lat'><strong>574</strong></span> <span class='ocrx_word' id='word_1_199' title='bbox 2549 4208 2650 4258; x_wconf 86' lang='lat' dir='ltr'><strong>and</strong></span> <span class='ocrx_word' id='word_1_200' title='bbox 2679 4205 2785 4257; x_wconf 87' lang='lat' dir='ltr'><strong>line</strong></span> 
     </span>
    </p>
   </div>
   <div class='ocr_carea' id='block_1_12' title="bbox 469 4277 2486 4474">
    <p class='ocr_par' dir='ltr' id='par_1_12' title="bbox 469 4277 2486 4474">
     <span class='ocr_line' id='line_1_33' title="bbox 469 4277 1790 4350; baseline -0.008 -15"><span class='ocrx_word' id='word_1_201' title='bbox 469 4299 588 4350; x_wconf 75' lang='lat' dir='ltr'><strong>says</strong></span> <span class='ocrx_word' id='word_1_202' title='bbox 607 4283 720 4334; x_wconf 81' lang='lat' dir='ltr'><strong>that</strong></span> <span class='ocrx_word' id='word_1_203' title='bbox 746 4282 932 4331; x_wconf 68' lang='lat' dir='ltr'><strong>sedibus</strong></span> <span class='ocrx_word' id='word_1_204' title='bbox 952 4280 1042 4329; x_wconf 85' lang='lat' dir='ltr'><strong>has</strong></span> <span class='ocrx_word' id='word_1_205' title='bbox 1061 4278 1190 4329; x_wconf 88' lang='lat' dir='ltr'><strong>been</strong></span> <span class='ocrx_word' id='word_1_206' title='bbox 1211 4293 1306 4343; x_wconf 81' lang='lat' dir='ltr'><strong>sug</strong></span> <span class='ocrx_word' id='word_1_207' title='bbox 1341 4278 1477 4328; x_wconf 83' lang='lat' dir='ltr'><strong>ested</strong></span> <span class='ocrx_word' id='word_1_208' title='bbox 1497 4277 1577 4327; x_wconf 73' lang='lat' dir='ltr'><strong>for.</strong></span> <span class='ocrx_word' id='word_1_209' title='bbox 1677 4277 1790 4329; x_wconf 82' lang='grc'>578.</span> 
     </span>
     <span class='ocr_line' id='line_1_34' title="bbox 471 4338 2119 4412; baseline -0.005 -14"><span class='ocrx_word' id='word_1_210' title='bbox 471 4347 663 4412; x_wconf 70' lang='lat' dir='ltr'><strong>roqibue</strong></span> <span class='ocrx_word' id='word_1_211' title='bbox 704 4346 761 4396; x_wconf 89' lang='lat' dir='ltr'><strong>in</strong></span> <span class='ocrx_word' id='word_1_212' title='bbox 803 4345 891 4397; x_wconf 85' lang='lat' dir='ltr'><strong>the</strong></span> <span class='ocrx_word' id='word_1_213' title='bbox 932 4348 1061 4395; x_wconf 80' lang='lat' dir='ltr'><strong>next</strong></span> <span class='ocrx_word' id='word_1_214' title='bbox 1100 4342 1220 4393; x_wconf 88' lang='lat' dir='ltr'><strong>line.</strong></span> <span class='ocrx_word' id='word_1_215' title='bbox 1340 4348 1362 4392; x_wconf 86' lang='lat' dir='ltr'><strong>t</strong></span> <span class='ocrx_word' id='word_1_216' title='bbox 1395 4358 1570 4403; x_wconf 79' lang='lat' dir='ltr'><strong>seems,</strong></span> <span class='ocrx_word' id='word_1_217' title='bbox 1741 4340 1839 4390; x_wconf 93' lang='grc'><strong>577</strong></span> <span class='ocrx_word' id='word_1_218' title='bbox 1874 4340 2027 4389; x_wconf 73' lang='grc' dir='ltr'><strong>ΖαοΙιν.</strong></span> <span class='ocrx_word' id='word_1_219' title='bbox 2053 4338 2119 4389; x_wconf 81' lang='lat' dir='ltr'><strong>R.</strong></span> 
     </span>
     <span class='ocr_line' id='line_1_35' title="bbox 474 4402 2486 4474; baseline -0.005 -10"><span class='ocrx_word' id='word_1_220' title='bbox 474 4413 725 4472; x_wconf 77' lang='lat' dir='ltr'><strong>however,</strong></span> <span class='ocrx_word' id='word_1_221' title='bbox 748 4424 1082 4474; x_wconf 81' lang='lat' dir='ltr'><strong>unnecessary</strong></span> <span class='ocrx_word' id='word_1_222' title='bbox 1102 4412 1156 4459; x_wconf 82' lang='lat' dir='ltr'><strong>to</strong></span> <span class='ocrx_word' id='word_1_223' title='bbox 1187 4407 1314 4457; x_wconf 83' lang='lat' dir='ltr'><strong>alter</strong></span> <span class='ocrx_word' id='word_1_224' title='bbox 1333 4405 1420 4457; x_wconf 85' lang='lat' dir='ltr'><strong>the</strong></span> <span class='ocrx_word' id='word_1_225' title='bbox 1439 4410 1569 4457; x_wconf 84' lang='lat' dir='ltr'><strong>text.</strong></span> <span class='ocrx_word' id='word_1_226' title='bbox 1742 4405 1840 4455; x_wconf 80' lang='grc'><strong>578</strong></span> <span class='ocrx_word' id='word_1_227' title='bbox 1872 4405 2068 4454; x_wconf 72' lang='lat' dir='ltr'><strong>modicis</strong></span> <span class='ocrx_word' id='word_1_228' title='bbox 2090 4405 2153 4453; x_wconf 83' lang='lat' dir='ltr'><strong>R.</strong></span> <span class='ocrx_word' id='word_1_229' title='bbox 2221 4408 2398 4452; x_wconf 58' lang='lat' dir='ltr'><strong>moesta</strong></span> <span class='ocrx_word' id='word_1_230' title='bbox 2418 4402 2486 4454; x_wconf 83' lang='lat' dir='ltr'><strong>V.</strong></span> 
     </span>
    </p>
   </div>
   <div class='ocr_carea' id='block_1_13' title="bbox 543 4468 2287 4593">
    <p class='ocr_par' dir='ltr' id='par_1_13' title="bbox 543 4468 2287 4593">
     <span class='ocr_line' id='line_1_36' title="bbox 543 4468 2159 4526; baseline -0.006 0"><span class='ocrx_word' id='word_1_231' title='bbox 543 4476 640 4526; x_wconf 74' lang='grc'><strong>578</strong></span> <span class='ocrx_word' id='word_1_232' title='bbox 671 4476 860 4525; x_wconf 69' lang='lat' dir='ltr'><strong>Aulide</strong></span> <span class='ocrx_word' id='word_1_233' title='bbox 878 4475 1095 4523; x_wconf 66' lang='lat' dir='ltr'><strong>diductas</strong></span> <span class='ocrx_word' id='word_1_234' title='bbox 1116 4488 1159 4522; x_wconf 74' lang='grc' dir='ltr'><strong>ε.</strong></span> <span class='ocrx_word' id='word_1_235' title='bbox 1182 4471 1408 4521; x_wconf 75' lang='lat' dir='ltr'><strong>ethruria</strong></span> <span class='ocrx_word' id='word_1_236' title='bbox 1429 4470 1495 4521; x_wconf 82' lang='lat' dir='ltr'><strong>R.</strong></span> <span class='ocrx_word' id='word_1_237' title='bbox 1743 4470 1840 4519; x_wconf 80' lang='grc'><strong>579</strong></span> <span class='ocrx_word' id='word_1_238' title='bbox 1873 4471 2073 4518; x_wconf 68' lang='lat' dir='ltr'><strong>tir-renis</strong></span> <span class='ocrx_word' id='word_1_239' title='bbox 2095 4468 2159 4517; x_wconf 83' lang='lat' dir='ltr'><strong>R.</strong></span> 
     </span>
     <span class='ocr_line' id='line_1_37' title="bbox 543 4531 2287 4593; baseline -0.005 -3"><span class='ocrx_word' id='word_1_240' title='bbox 543 4539 642 4593; x_wconf 71' lang='lat'><strong>5⁸14</strong></span> <span class='ocrx_word' id='word_1_241' title='bbox 672 4541 726 4589; x_wconf 74' lang='lat' dir='ltr'><strong>in</strong></span> <span class='ocrx_word' id='word_1_242' title='bbox 749 4541 874 4588; x_wconf 73' lang='lat' dir='ltr'><strong>nitio</strong></span> <span class='ocrx_word' id='word_1_243' title='bbox 895 4537 961 4590; x_wconf 86' lang='lat' dir='ltr'><strong>R.</strong></span> <span class='ocrx_word' id='word_1_244' title='bbox 1743 4534 1843 4584; x_wconf 79' lang='grc'>580</span> <span class='ocrx_word' id='word_1_245' title='bbox 1872 4535 2063 4583; x_wconf 75' lang='lat' dir='ltr'><strong>credida</strong></span> <span class='ocrx_word' id='word_1_246' title='bbox 2085 4548 2202 4582; x_wconf 82' lang='lat' dir='ltr'><strong>cura</strong></span> <span class='ocrx_word' id='word_1_247' title='bbox 2222 4531 2287 4582; x_wconf 88' lang='lat' dir='ltr'><strong>R.</strong></span> 
     </span>
    </p>
   </div>
  </div>
 </body>
</html>
